;; -*- mode: org; mode: beancount; -*-
;; Birth: 1980-05-12
;; Dates: 2024-01-01 - 2026-02-25
;; THIS FILE HAS BEEN AUTO-GENERATED.
* Options

option "title" "Example Beancount file"
option "operating_currency" "USD"




* Commodities


1792-01-01 commodity USD
  name: "US Dollar"
  export: "CASH"

1900-01-01 commodity VMMXX
  export: "MUTF:VMMXX (MONEY:USD)"

1980-05-12 commodity VACHR
  name: "Employer Vacation Hours"
  export: "IGNORE"

1980-05-12 commodity IRAUSD
  name: "US 401k and IRA Contributions"
  export: "IGNORE"

1995-09-18 commodity VBMPX
  name: "Vanguard Total Bond Market Index Fund Institutional Plus Shares"
  export: "MUTF:VBMPX"
  price: "USD:google/MUTF:VBMPX"

2004-01-20 commodity ITOT
  name: "iShares Core S&P Total U.S. Stock Market ETF"
  export: "NYSEARCA:ITOT"
  price: "USD:google/NYSEARCA:ITOT"

2004-01-26 commodity VHT
  name: "Vanguard Health Care ETF"
  export: "NYSEARCA:VHT"
  price: "USD:google/NYSEARCA:VHT"

2004-11-01 commodity GLD
  name: "SPDR Gold Trust (ETF)"
  export: "NYSEARCA:GLD"
  price: "USD:google/NYSEARCA:GLD"

2007-07-20 commodity VEA
  name: "Vanguard FTSE Developed Markets ETF"
  export: "NYSEARCA:VEA"
  price: "USD:google/NYSEARCA:VEA"

2009-05-01 commodity RGAGX
  name: "American Funds The Growth Fund of America Class R-6"
  export: "MUTF:RGAGX"
  price: "USD:google/MUTF:RGAGX"



* Equity Accounts

1980-05-12 open Equity:Opening-Balances
1980-05-12 open Liabilities:AccountsPayable



* Banking

2024-01-01 open Assets:US:BofA
  institution: "Bank of America"
  address: "123 America Street, LargeTown, USA"
  phone: "+1.012.345.6789"
2024-01-01 open Assets:US:BofA:Checking                        USD
  account: "00234-48574897"

2024-01-01 * "Opening Balance for checking account"
  Assets:US:BofA:Checking                         3051.78 USD
  Equity:Opening-Balances                        -3051.78 USD

2024-01-02 balance Assets:US:BofA:Checking        3051.78 USD

2024-01-04 * "BANK FEES" "Monthly bank fee"
  Assets:US:BofA:Checking                           -4.00 USD
  Expenses:Financial:Fees                            4.00 USD

2024-01-04 * "RiverBank Properties" "Paying the rent"
  Assets:US:BofA:Checking                        -2400.00 USD
  Expenses:Home:Rent                              2400.00 USD

2024-01-08 * "EDISON POWER" ""
  Assets:US:BofA:Checking                          -65.00 USD
  Expenses:Home:Electricity                         65.00 USD

2024-01-18 * "Verizon Wireless" ""
  Assets:US:BofA:Checking                          -71.11 USD
  Expenses:Home:Phone                               71.11 USD

2024-01-23 * "Wine-Tarner Cable" ""
  Assets:US:BofA:Checking                          -79.94 USD
  Expenses:Home:Internet                            79.94 USD

2024-01-25 balance Assets:US:BofA:Checking        3051.55 USD

2024-02-04 * "BANK FEES" "Monthly bank fee"
  Assets:US:BofA:Checking                           -4.00 USD
  Expenses:Financial:Fees                            4.00 USD

2024-02-05 * "RiverBank Properties" "Paying the rent"
  Assets:US:BofA:Checking                        -2400.00 USD
  Expenses:Home:Rent                              2400.00 USD

2024-02-08 * "EDISON POWER" ""
  Assets:US:BofA:Checking                          -65.00 USD
  Expenses:Home:Electricity                         65.00 USD

2024-02-16 balance Assets:US:BofA:Checking        2696.13 USD

2024-02-20 * "Verizon Wireless" ""
  Assets:US:BofA:Checking                          -75.15 USD
  Expenses:Home:Phone                               75.15 USD

2024-02-21 * "Wine-Tarner Cable" ""
  Assets:US:BofA:Checking                          -80.03 USD
  Expenses:Home:Internet                            80.03 USD

2024-03-03 * "RiverBank Properties" "Paying the rent"
  Assets:US:BofA:Checking                        -2400.00 USD
  Expenses:Home:Rent                              2400.00 USD

2024-03-04 * "BANK FEES" "Monthly bank fee"
  Assets:US:BofA:Checking                           -4.00 USD
  Expenses:Financial:Fees                            4.00 USD

2024-03-08 * "EDISON POWER" ""
  Assets:US:BofA:Checking                          -65.00 USD
  Expenses:Home:Electricity                         65.00 USD

2024-03-15 balance Assets:US:BofA:Checking        2305.18 USD

2024-03-20 * "Verizon Wireless" ""
  Assets:US:BofA:Checking                          -59.98 USD
  Expenses:Home:Phone                               59.98 USD

2024-03-22 * "Wine-Tarner Cable" ""
  Assets:US:BofA:Checking                          -80.00 USD
  Expenses:Home:Internet                            80.00 USD

2024-04-04 * "BANK FEES" "Monthly bank fee"
  Assets:US:BofA:Checking                           -4.00 USD
  Expenses:Financial:Fees                            4.00 USD

2024-04-06 * "RiverBank Properties" "Paying the rent"
  Assets:US:BofA:Checking                        -2400.00 USD
  Expenses:Home:Rent                              2400.00 USD

2024-04-09 * "EDISON POWER" ""
  Assets:US:BofA:Checking                          -65.00 USD
  Expenses:Home:Electricity                         65.00 USD

2024-04-10 balance Assets:US:BofA:Checking        1046.80 USD

2024-04-19 * "Verizon Wireless" ""
  Assets:US:BofA:Checking                          -71.09 USD
  Expenses:Home:Phone                               71.09 USD

2024-04-21 * "Wine-Tarner Cable" ""
  Assets:US:BofA:Checking                          -79.78 USD
  Expenses:Home:Internet                            79.78 USD

2024-05-04 * "BANK FEES" "Monthly bank fee"
  Assets:US:BofA:Checking                           -4.00 USD
  Expenses:Financial:Fees                            4.00 USD

2024-05-06 * "RiverBank Properties" "Paying the rent"
  Assets:US:BofA:Checking                        -2400.00 USD
  Expenses:Home:Rent                              2400.00 USD

2024-05-08 balance Assets:US:BofA:Checking         275.69 USD

2024-05-09 * "EDISON POWER" ""
  Assets:US:BofA:Checking                          -65.00 USD
  Expenses:Home:Electricity                         65.00 USD

2024-05-20 * "Verizon Wireless" ""
  Assets:US:BofA:Checking                          -70.92 USD
  Expenses:Home:Phone                               70.92 USD

2024-05-23 * "Wine-Tarner Cable" ""
  Assets:US:BofA:Checking                          -80.01 USD
  Expenses:Home:Internet                            80.01 USD

2024-06-02 balance Assets:US:BofA:Checking        2214.84 USD

2024-06-04 * "BANK FEES" "Monthly bank fee"
  Assets:US:BofA:Checking                           -4.00 USD
  Expenses:Financial:Fees                            4.00 USD

2024-06-06 * "RiverBank Properties" "Paying the rent"
  Assets:US:BofA:Checking                        -2400.00 USD
  Expenses:Home:Rent                              2400.00 USD

2024-06-09 * "EDISON POWER" ""
  Assets:US:BofA:Checking                          -65.00 USD
  Expenses:Home:Electricity                         65.00 USD

2024-06-20 * "Verizon Wireless" ""
  Assets:US:BofA:Checking                          -47.12 USD
  Expenses:Home:Phone                               47.12 USD

2024-06-23 * "Wine-Tarner Cable" ""
  Assets:US:BofA:Checking                          -79.93 USD
  Expenses:Home:Internet                            79.93 USD

2024-06-28 balance Assets:US:BofA:Checking        1824.61 USD

2024-07-04 * "BANK FEES" "Monthly bank fee"
  Assets:US:BofA:Checking                           -4.00 USD
  Expenses:Financial:Fees                            4.00 USD

2024-07-06 * "RiverBank Properties" "Paying the rent"
  Assets:US:BofA:Checking                        -2400.00 USD
  Expenses:Home:Rent                              2400.00 USD

2024-07-08 * "EDISON POWER" ""
  Assets:US:BofA:Checking                          -65.00 USD
  Expenses:Home:Electricity                         65.00 USD

2024-07-18 balance Assets:US:BofA:Checking              0 USD

2024-07-20 * "Verizon Wireless" ""
  Assets:US:BofA:Checking                          -71.37 USD
  Expenses:Home:Phone                               71.37 USD

2024-07-22 * "Wine-Tarner Cable" ""
  Assets:US:BofA:Checking                          -80.05 USD
  Expenses:Home:Internet                            80.05 USD

2024-08-04 * "BANK FEES" "Monthly bank fee"
  Assets:US:BofA:Checking                           -4.00 USD
  Expenses:Financial:Fees                            4.00 USD

2024-08-04 * "RiverBank Properties" "Paying the rent"
  Assets:US:BofA:Checking                        -2400.00 USD
  Expenses:Home:Rent                              2400.00 USD

2024-08-08 * "EDISON POWER" ""
  Assets:US:BofA:Checking                          -65.00 USD
  Expenses:Home:Electricity                         65.00 USD

2024-08-17 balance Assets:US:BofA:Checking        2639.82 USD

2024-08-18 * "Verizon Wireless" ""
  Assets:US:BofA:Checking                          -75.36 USD
  Expenses:Home:Phone                               75.36 USD

2024-08-21 * "Wine-Tarner Cable" ""
  Assets:US:BofA:Checking                          -80.05 USD
  Expenses:Home:Internet                            80.05 USD

2024-09-04 * "BANK FEES" "Monthly bank fee"
  Assets:US:BofA:Checking                           -4.00 USD
  Expenses:Financial:Fees                            4.00 USD

2024-09-05 * "RiverBank Properties" "Paying the rent"
  Assets:US:BofA:Checking                        -2400.00 USD
  Expenses:Home:Rent                              2400.00 USD

2024-09-08 balance Assets:US:BofA:Checking        1954.86 USD

2024-09-08 * "EDISON POWER" ""
  Assets:US:BofA:Checking                          -65.00 USD
  Expenses:Home:Electricity                         65.00 USD

2024-09-13 * "Transfering accumulated savings to other account"
  Assets:US:BofA:Checking                           -3500 USD
  Assets:US:ETrade:Cash                              3500 USD

2024-09-19 * "Verizon Wireless" ""
  Assets:US:BofA:Checking                          -60.28 USD
  Expenses:Home:Phone                               60.28 USD

2024-09-22 * "Wine-Tarner Cable" ""
  Assets:US:BofA:Checking                          -80.00 USD
  Expenses:Home:Internet                            80.00 USD

2024-10-02 balance Assets:US:BofA:Checking        3350.78 USD

2024-10-04 * "BANK FEES" "Monthly bank fee"
  Assets:US:BofA:Checking                           -4.00 USD
  Expenses:Financial:Fees                            4.00 USD

2024-10-05 * "RiverBank Properties" "Paying the rent"
  Assets:US:BofA:Checking                        -2400.00 USD
  Expenses:Home:Rent                              2400.00 USD

2024-10-08 * "EDISON POWER" ""
  Assets:US:BofA:Checking                          -65.00 USD
  Expenses:Home:Electricity                         65.00 USD

2024-10-20 * "Verizon Wireless" ""
  Assets:US:BofA:Checking                          -40.89 USD
  Expenses:Home:Phone                               40.89 USD

2024-10-21 * "Wine-Tarner Cable" ""
  Assets:US:BofA:Checking                          -79.79 USD
  Expenses:Home:Internet                            79.79 USD

2024-10-24 balance Assets:US:BofA:Checking        2941.82 USD

2024-11-04 * "BANK FEES" "Monthly bank fee"
  Assets:US:BofA:Checking                           -4.00 USD
  Expenses:Financial:Fees                            4.00 USD

2024-11-04 * "RiverBank Properties" "Paying the rent"
  Assets:US:BofA:Checking                        -2400.00 USD
  Expenses:Home:Rent                              2400.00 USD

2024-11-08 * "Transfering accumulated savings to other account"
  Assets:US:BofA:Checking                           -4500 USD
  Assets:US:ETrade:Cash                              4500 USD

2024-11-09 * "EDISON POWER" ""
  Assets:US:BofA:Checking                          -65.00 USD
  Expenses:Home:Electricity                         65.00 USD

2024-11-14 balance Assets:US:BofA:Checking         415.87 USD

2024-11-18 * "Verizon Wireless" ""
  Assets:US:BofA:Checking                          -68.79 USD
  Expenses:Home:Phone                               68.79 USD

2024-11-21 * "Wine-Tarner Cable" ""
  Assets:US:BofA:Checking                          -79.90 USD
  Expenses:Home:Internet                            79.90 USD

2024-12-04 * "BANK FEES" "Monthly bank fee"
  Assets:US:BofA:Checking                           -4.00 USD
  Expenses:Financial:Fees                            4.00 USD

2024-12-05 * "RiverBank Properties" "Paying the rent"
  Assets:US:BofA:Checking                        -2400.00 USD
  Expenses:Home:Rent                              2400.00 USD

2024-12-09 * "EDISON POWER" ""
  Assets:US:BofA:Checking                          -65.00 USD
  Expenses:Home:Electricity                         65.00 USD

2024-12-11 balance Assets:US:BofA:Checking        2937.84 USD

2024-12-19 * "Verizon Wireless" ""
  Assets:US:BofA:Checking                          -48.62 USD
  Expenses:Home:Phone                               48.62 USD

2024-12-23 * "Wine-Tarner Cable" ""
  Assets:US:BofA:Checking                          -80.03 USD
  Expenses:Home:Internet                            80.03 USD

2025-01-03 balance Assets:US:BofA:Checking        6519.13 USD

2025-01-04 * "BANK FEES" "Monthly bank fee"
  Assets:US:BofA:Checking                           -4.00 USD
  Expenses:Financial:Fees                            4.00 USD

2025-01-04 * "RiverBank Properties" "Paying the rent"
  Assets:US:BofA:Checking                        -2400.00 USD
  Expenses:Home:Rent                              2400.00 USD

2025-01-08 * "EDISON POWER" ""
  Assets:US:BofA:Checking                          -65.00 USD
  Expenses:Home:Electricity                         65.00 USD

2025-01-19 * "Verizon Wireless" ""
  Assets:US:BofA:Checking                          -72.17 USD
  Expenses:Home:Phone                               72.17 USD

2025-01-21 * "Wine-Tarner Cable" ""
  Assets:US:BofA:Checking                          -80.07 USD
  Expenses:Home:Internet                            80.07 USD

2025-02-02 balance Assets:US:BofA:Checking        5866.86 USD

2025-02-04 * "BANK FEES" "Monthly bank fee"
  Assets:US:BofA:Checking                           -4.00 USD
  Expenses:Financial:Fees                            4.00 USD

2025-02-05 * "RiverBank Properties" "Paying the rent"
  Assets:US:BofA:Checking                        -2400.00 USD
  Expenses:Home:Rent                              2400.00 USD

2025-02-09 * "EDISON POWER" ""
  Assets:US:BofA:Checking                          -65.00 USD
  Expenses:Home:Electricity                         65.00 USD

2025-02-18 * "Verizon Wireless" ""
  Assets:US:BofA:Checking                          -56.33 USD
  Expenses:Home:Phone                               56.33 USD

2025-02-21 * "Wine-Tarner Cable" ""
  Assets:US:BofA:Checking                          -80.18 USD
  Expenses:Home:Internet                            80.18 USD

2025-02-28 balance Assets:US:BofA:Checking        5348.18 USD

2025-03-04 * "BANK FEES" "Monthly bank fee"
  Assets:US:BofA:Checking                           -4.00 USD
  Expenses:Financial:Fees                            4.00 USD

2025-03-06 * "RiverBank Properties" "Paying the rent"
  Assets:US:BofA:Checking                        -2400.00 USD
  Expenses:Home:Rent                              2400.00 USD

2025-03-08 * "EDISON POWER" ""
  Assets:US:BofA:Checking                          -65.00 USD
  Expenses:Home:Electricity                         65.00 USD

2025-03-19 * "Verizon Wireless" ""
  Assets:US:BofA:Checking                          -86.07 USD
  Expenses:Home:Phone                               86.07 USD

2025-03-22 * "Wine-Tarner Cable" ""
  Assets:US:BofA:Checking                          -79.98 USD
  Expenses:Home:Internet                            79.98 USD

2025-03-26 balance Assets:US:BofA:Checking        2642.36 USD

2025-04-04 * "BANK FEES" "Monthly bank fee"
  Assets:US:BofA:Checking                           -4.00 USD
  Expenses:Financial:Fees                            4.00 USD

2025-04-04 * "RiverBank Properties" "Paying the rent"
  Assets:US:BofA:Checking                        -2400.00 USD
  Expenses:Home:Rent                              2400.00 USD

2025-04-08 * "EDISON POWER" ""
  Assets:US:BofA:Checking                          -65.00 USD
  Expenses:Home:Electricity                         65.00 USD

2025-04-16 balance Assets:US:BofA:Checking        2266.46 USD

2025-04-20 * "Verizon Wireless" ""
  Assets:US:BofA:Checking                          -48.51 USD
  Expenses:Home:Phone                               48.51 USD

2025-04-22 * "Wine-Tarner Cable" ""
  Assets:US:BofA:Checking                          -80.15 USD
  Expenses:Home:Internet                            80.15 USD

2025-05-04 * "BANK FEES" "Monthly bank fee"
  Assets:US:BofA:Checking                           -4.00 USD
  Expenses:Financial:Fees                            4.00 USD

2025-05-05 * "RiverBank Properties" "Paying the rent"
  Assets:US:BofA:Checking                        -2400.00 USD
  Expenses:Home:Rent                              2400.00 USD

2025-05-08 balance Assets:US:BofA:Checking        1084.40 USD

2025-05-08 * "EDISON POWER" ""
  Assets:US:BofA:Checking                          -65.00 USD
  Expenses:Home:Electricity                         65.00 USD

2025-05-18 * "Verizon Wireless" ""
  Assets:US:BofA:Checking                          -67.97 USD
  Expenses:Home:Phone                               67.97 USD

2025-05-21 * "Wine-Tarner Cable" ""
  Assets:US:BofA:Checking                          -79.98 USD
  Expenses:Home:Internet                            79.98 USD

2025-06-04 * "BANK FEES" "Monthly bank fee"
  Assets:US:BofA:Checking                           -4.00 USD
  Expenses:Financial:Fees                            4.00 USD

2025-06-05 * "RiverBank Properties" "Paying the rent"
  Assets:US:BofA:Checking                        -2400.00 USD
  Expenses:Home:Rent                              2400.00 USD

2025-06-07 balance Assets:US:BofA:Checking        2014.13 USD

2025-06-08 * "EDISON POWER" ""
  Assets:US:BofA:Checking                          -65.00 USD
  Expenses:Home:Electricity                         65.00 USD

2025-06-18 * "Verizon Wireless" ""
  Assets:US:BofA:Checking                          -58.59 USD
  Expenses:Home:Phone                               58.59 USD

2025-06-23 * "Wine-Tarner Cable" ""
  Assets:US:BofA:Checking                          -80.17 USD
  Expenses:Home:Internet                            80.17 USD

2025-07-03 * "RiverBank Properties" "Paying the rent"
  Assets:US:BofA:Checking                        -2400.00 USD
  Expenses:Home:Rent                              2400.00 USD

2025-07-04 balance Assets:US:BofA:Checking        1448.57 USD

2025-07-04 * "BANK FEES" "Monthly bank fee"
  Assets:US:BofA:Checking                           -4.00 USD
  Expenses:Financial:Fees                            4.00 USD

2025-07-08 * "EDISON POWER" ""
  Assets:US:BofA:Checking                          -65.00 USD
  Expenses:Home:Electricity                         65.00 USD

2025-07-19 * "Verizon Wireless" ""
  Assets:US:BofA:Checking                          -63.29 USD
  Expenses:Home:Phone                               63.29 USD

2025-07-23 * "Wine-Tarner Cable" ""
  Assets:US:BofA:Checking                          -79.96 USD
  Expenses:Home:Internet                            79.96 USD

2025-07-31 balance Assets:US:BofA:Checking        2041.19 USD

2025-08-03 * "RiverBank Properties" "Paying the rent"
  Assets:US:BofA:Checking                        -2400.00 USD
  Expenses:Home:Rent                              2400.00 USD

2025-08-04 * "BANK FEES" "Monthly bank fee"
  Assets:US:BofA:Checking                           -4.00 USD
  Expenses:Financial:Fees                            4.00 USD

2025-08-09 * "EDISON POWER" ""
  Assets:US:BofA:Checking                          -65.00 USD
  Expenses:Home:Electricity                         65.00 USD

2025-08-20 * "Verizon Wireless" ""
  Assets:US:BofA:Checking                          -54.13 USD
  Expenses:Home:Phone                               54.13 USD

2025-08-22 balance Assets:US:BofA:Checking        3730.79 USD

2025-08-23 * "Wine-Tarner Cable" ""
  Assets:US:BofA:Checking                          -80.14 USD
  Expenses:Home:Internet                            80.14 USD

2025-09-04 * "BANK FEES" "Monthly bank fee"
  Assets:US:BofA:Checking                           -4.00 USD
  Expenses:Financial:Fees                            4.00 USD

2025-09-05 * "RiverBank Properties" "Paying the rent"
  Assets:US:BofA:Checking                        -2400.00 USD
  Expenses:Home:Rent                              2400.00 USD

2025-09-08 * "EDISON POWER" ""
  Assets:US:BofA:Checking                          -65.00 USD
  Expenses:Home:Electricity                         65.00 USD

2025-09-12 * "Transfering accumulated savings to other account"
  Assets:US:BofA:Checking                           -5000 USD
  Assets:US:ETrade:Cash                              5000 USD

2025-09-13 balance Assets:US:BofA:Checking         636.55 USD

2025-09-19 * "Verizon Wireless" ""
  Assets:US:BofA:Checking                          -51.24 USD
  Expenses:Home:Phone                               51.24 USD

2025-09-22 * "Wine-Tarner Cable" ""
  Assets:US:BofA:Checking                          -79.96 USD
  Expenses:Home:Internet                            79.96 USD

2025-10-03 * "RiverBank Properties" "Paying the rent"
  Assets:US:BofA:Checking                        -2400.00 USD
  Expenses:Home:Rent                              2400.00 USD

2025-10-04 * "BANK FEES" "Monthly bank fee"
  Assets:US:BofA:Checking                           -4.00 USD
  Expenses:Financial:Fees                            4.00 USD

2025-10-08 balance Assets:US:BofA:Checking         651.95 USD

2025-10-08 * "EDISON POWER" ""
  Assets:US:BofA:Checking                          -65.00 USD
  Expenses:Home:Electricity                         65.00 USD

2025-10-20 * "Verizon Wireless" ""
  Assets:US:BofA:Checking                          -58.79 USD
  Expenses:Home:Phone                               58.79 USD

2025-10-21 * "Wine-Tarner Cable" ""
  Assets:US:BofA:Checking                          -80.05 USD
  Expenses:Home:Internet                            80.05 USD

2025-10-30 balance Assets:US:BofA:Checking        4855.48 USD

2025-11-04 * "BANK FEES" "Monthly bank fee"
  Assets:US:BofA:Checking                           -4.00 USD
  Expenses:Financial:Fees                            4.00 USD

2025-11-05 * "RiverBank Properties" "Paying the rent"
  Assets:US:BofA:Checking                        -2400.00 USD
  Expenses:Home:Rent                              2400.00 USD

2025-11-07 * "Transfering accumulated savings to other account"
  Assets:US:BofA:Checking                           -4000 USD
  Assets:US:ETrade:Cash                              4000 USD

2025-11-09 * "EDISON POWER" ""
  Assets:US:BofA:Checking                          -65.00 USD
  Expenses:Home:Electricity                         65.00 USD

2025-11-18 * "Verizon Wireless" ""
  Assets:US:BofA:Checking                          -43.57 USD
  Expenses:Home:Phone                               43.57 USD

2025-11-22 * "Wine-Tarner Cable" ""
  Assets:US:BofA:Checking                          -79.91 USD
  Expenses:Home:Internet                            79.91 USD

2025-11-26 balance Assets:US:BofA:Checking        2746.97 USD

2025-12-04 * "BANK FEES" "Monthly bank fee"
  Assets:US:BofA:Checking                           -4.00 USD
  Expenses:Financial:Fees                            4.00 USD

2025-12-04 * "RiverBank Properties" "Paying the rent"
  Assets:US:BofA:Checking                        -2400.00 USD
  Expenses:Home:Rent                              2400.00 USD

2025-12-08 * "EDISON POWER" ""
  Assets:US:BofA:Checking                          -65.00 USD
  Expenses:Home:Electricity                         65.00 USD

2025-12-18 balance Assets:US:BofA:Checking        2226.57 USD

2025-12-18 * "Verizon Wireless" ""
  Assets:US:BofA:Checking                          -73.93 USD
  Expenses:Home:Phone                               73.93 USD

2025-12-22 * "Wine-Tarner Cable" ""
  Assets:US:BofA:Checking                          -80.00 USD
  Expenses:Home:Internet                            80.00 USD

2026-01-03 * "RiverBank Properties" "Paying the rent"
  Assets:US:BofA:Checking                        -2400.00 USD
  Expenses:Home:Rent                              2400.00 USD

2026-01-04 * "BANK FEES" "Monthly bank fee"
  Assets:US:BofA:Checking                           -4.00 USD
  Expenses:Financial:Fees                            4.00 USD

2026-01-08 balance Assets:US:BofA:Checking        3851.38 USD

2026-01-09 * "EDISON POWER" ""
  Assets:US:BofA:Checking                          -65.00 USD
  Expenses:Home:Electricity                         65.00 USD

2026-01-16 * "Transfering accumulated savings to other account"
  Assets:US:BofA:Checking                           -3500 USD
  Assets:US:ETrade:Cash                              3500 USD

2026-01-18 * "Verizon Wireless" ""
  Assets:US:BofA:Checking                          -70.82 USD
  Expenses:Home:Phone                               70.82 USD

2026-01-23 * "Wine-Tarner Cable" ""
  Assets:US:BofA:Checking                          -80.06 USD
  Expenses:Home:Internet                            80.06 USD

2026-01-30 balance Assets:US:BofA:Checking        2035.99 USD

2026-02-04 * "BANK FEES" "Monthly bank fee"
  Assets:US:BofA:Checking                           -4.00 USD
  Expenses:Financial:Fees                            4.00 USD

2026-02-13 * "Transfering accumulated savings to other account"
  Assets:US:BofA:Checking                           -3000 USD
  Assets:US:ETrade:Cash                              3000 USD



* Credit-Cards

1980-05-12 open Liabilities:US:Chase:Slate                      USD

2024-01-05 * "Cafe Modagor" "Eating out alone"
  Liabilities:US:Chase:Slate                       -44.73 USD
  Expenses:Food:Restaurant                          44.73 USD

2024-01-08 * "Kin Soy" "Eating out with Bill"
  Liabilities:US:Chase:Slate                       -12.13 USD
  Expenses:Food:Restaurant                          12.13 USD

2024-01-09 * "Goba Goba" "Eating out "
  Liabilities:US:Chase:Slate                       -24.52 USD
  Expenses:Food:Restaurant                          24.52 USD

2024-01-09 * "Chase:Slate" "Paying off credit card"
  Liabilities:US:Chase:Slate                        81.38 USD
  Assets:US:BofA:Checking                          -81.38 USD

2024-01-12 * "Onion Market" "Buying groceries"
  Liabilities:US:Chase:Slate                       -97.14 USD
  Expenses:Food:Groceries                           97.14 USD

2024-01-14 * "Jewel of Morroco" "Eating out "
  Liabilities:US:Chase:Slate                       -25.10 USD
  Expenses:Food:Restaurant                          25.10 USD

2024-01-17 * "Corner Deli" "Buying groceries"
  Liabilities:US:Chase:Slate                       -52.75 USD
  Expenses:Food:Groceries                           52.75 USD

2024-01-19 * "Rose Flower" "Eating out with Julie"
  Liabilities:US:Chase:Slate                       -23.39 USD
  Expenses:Food:Restaurant                          23.39 USD

2024-01-23 * "Rose Flower" "Eating out with Natasha"
  Liabilities:US:Chase:Slate                       -48.73 USD
  Expenses:Food:Restaurant                          48.73 USD

2024-01-28 * "Cafe Modagor" "Eating out alone"
  Liabilities:US:Chase:Slate                       -31.96 USD
  Expenses:Food:Restaurant                          31.96 USD

2024-01-29 balance Liabilities:US:Chase:Slate     -279.07 USD

2024-01-29 * "Jewel of Morroco" "Eating out with Natasha"
  Liabilities:US:Chase:Slate                       -29.22 USD
  Expenses:Food:Restaurant                          29.22 USD

2024-01-30 * "Metro Transport Authority" "Tram tickets"
  Liabilities:US:Chase:Slate                      -120.00 USD
  Expenses:Transport:Tram                          120.00 USD

2024-01-31 * "Uncle Boons" "Eating out "
  Liabilities:US:Chase:Slate                       -12.92 USD
  Expenses:Food:Restaurant                          12.92 USD

2024-02-01 * "Onion Market" "Buying groceries"
  Liabilities:US:Chase:Slate                       -75.81 USD
  Expenses:Food:Groceries                           75.81 USD

2024-02-05 * "Cafe Modagor" "Eating out with Natasha"
  Liabilities:US:Chase:Slate                       -47.63 USD
  Expenses:Food:Restaurant                          47.63 USD

2024-02-08 * "Jewel of Morroco" "Eating out with Bill"
  Liabilities:US:Chase:Slate                       -22.97 USD
  Expenses:Food:Restaurant                          22.97 USD

2024-02-08 * "Chase:Slate" "Paying off credit card"
  Liabilities:US:Chase:Slate                       587.62 USD
  Assets:US:BofA:Checking                         -587.62 USD

2024-02-12 * "Uncle Boons" "Eating out with Natasha"
  Liabilities:US:Chase:Slate                       -23.60 USD
  Expenses:Food:Restaurant                          23.60 USD

2024-02-13 * "Kin Soy" "Eating out "
  Liabilities:US:Chase:Slate                       -24.87 USD
  Expenses:Food:Restaurant                          24.87 USD

2024-02-18 * "Rose Flower" "Eating out with Natasha"
  Liabilities:US:Chase:Slate                       -23.30 USD
  Expenses:Food:Restaurant                          23.30 USD

2024-02-21 * "Farmer Fresh" "Buying groceries"
  Liabilities:US:Chase:Slate                       -85.88 USD
  Expenses:Food:Groceries                           85.88 USD

2024-02-22 * "Rose Flower" "Eating out with Joe"
  Liabilities:US:Chase:Slate                       -34.01 USD
  Expenses:Food:Restaurant                          34.01 USD

2024-02-24 * "Chichipotle" "Eating out with Julie"
  Liabilities:US:Chase:Slate                       -26.73 USD
  Expenses:Food:Restaurant                          26.73 USD

2024-02-25 * "Kin Soy" "Eating out with work buddies"
  Liabilities:US:Chase:Slate                       -30.51 USD
  Expenses:Food:Restaurant                          30.51 USD

2024-02-27 * "Cafe Modagor" "Eating out with work buddies"
  Liabilities:US:Chase:Slate                       -19.87 USD
  Expenses:Food:Restaurant                          19.87 USD

2024-02-28 balance Liabilities:US:Chase:Slate     -268.77 USD

2024-02-28 * "China Garden" "Eating out with Julie"
  Liabilities:US:Chase:Slate                       -14.22 USD
  Expenses:Food:Restaurant                          14.22 USD

2024-03-03 * "Chichipotle" "Eating out with Julie"
  Liabilities:US:Chase:Slate                       -34.47 USD
  Expenses:Food:Restaurant                          34.47 USD

2024-03-03 * "Metro Transport Authority" "Tram tickets"
  Liabilities:US:Chase:Slate                      -120.00 USD
  Expenses:Transport:Tram                          120.00 USD

2024-03-07 * "Chase:Slate" "Paying off credit card"
  Liabilities:US:Chase:Slate                       467.97 USD
  Assets:US:BofA:Checking                         -467.97 USD

2024-03-08 * "China Garden" "Eating out with Natasha"
  Liabilities:US:Chase:Slate                       -30.51 USD
  Expenses:Food:Restaurant                          30.51 USD

2024-03-10 * "Farmer Fresh" "Buying groceries"
  Liabilities:US:Chase:Slate                       -88.00 USD
  Expenses:Food:Groceries                           88.00 USD

2024-03-11 * "Goba Goba" "Eating out with Julie"
  Liabilities:US:Chase:Slate                       -35.84 USD
  Expenses:Food:Restaurant                          35.84 USD

2024-03-13 * "Rose Flower" "Eating out with work buddies"
  Liabilities:US:Chase:Slate                       -56.09 USD
  Expenses:Food:Restaurant                          56.09 USD

2024-03-14 * "Uncle Boons" "Eating out with Joe"
  Liabilities:US:Chase:Slate                       -26.49 USD
  Expenses:Food:Restaurant                          26.49 USD

2024-03-19 * "Cafe Modagor" "Eating out after work"
  Liabilities:US:Chase:Slate                       -60.22 USD
  Expenses:Food:Restaurant                          60.22 USD

2024-03-21 balance Liabilities:US:Chase:Slate     -266.64 USD

2024-03-21 * "Rose Flower" "Eating out with Joe"
  Liabilities:US:Chase:Slate                       -19.18 USD
  Expenses:Food:Restaurant                          19.18 USD

2024-03-21 * "Corner Deli" "Buying groceries"
  Liabilities:US:Chase:Slate                      -131.64 USD
  Expenses:Food:Groceries                          131.64 USD

2024-03-24 * "Cafe Modagor" "Eating out with Julie"
  Liabilities:US:Chase:Slate                       -19.85 USD
  Expenses:Food:Restaurant                          19.85 USD

2024-03-26 * "Cafe Modagor" "Eating out alone"
  Liabilities:US:Chase:Slate                       -32.51 USD
  Expenses:Food:Restaurant                          32.51 USD

2024-03-30 * "Chichipotle" "Eating out with Joe"
  Liabilities:US:Chase:Slate                       -22.07 USD
  Expenses:Food:Restaurant                          22.07 USD

2024-03-30 * "Onion Market" "Buying groceries"
  Liabilities:US:Chase:Slate                       -99.90 USD
  Expenses:Food:Groceries                           99.90 USD

2024-03-31 * "Goba Goba" "Eating out with work buddies"
  Liabilities:US:Chase:Slate                       -19.79 USD
  Expenses:Food:Restaurant                          19.79 USD

2024-03-31 * "Metro Transport Authority" "Tram tickets"
  Liabilities:US:Chase:Slate                      -120.00 USD
  Expenses:Transport:Tram                          120.00 USD

2024-04-01 * "Chichipotle" "Eating out with Natasha"
  Liabilities:US:Chase:Slate                       -38.12 USD
  Expenses:Food:Restaurant                          38.12 USD

2024-04-06 * "Cafe Modagor" "Eating out with work buddies"
  Liabilities:US:Chase:Slate                       -24.74 USD
  Expenses:Food:Restaurant                          24.74 USD

2024-04-08 * "Jewel of Morroco" "Eating out with Joe"
  Liabilities:US:Chase:Slate                       -38.38 USD
  Expenses:Food:Restaurant                          38.38 USD

2024-04-09 * "Rose Flower" "Eating out with Joe"
  Liabilities:US:Chase:Slate                       -33.16 USD
  Expenses:Food:Restaurant                          33.16 USD

2024-04-10 * "Rose Flower" "Eating out after work"
  Liabilities:US:Chase:Slate                       -23.76 USD
  Expenses:Food:Restaurant                          23.76 USD

2024-04-11 * "Chase:Slate" "Paying off credit card"
  Liabilities:US:Chase:Slate                       917.44 USD
  Assets:US:BofA:Checking                         -917.44 USD

2024-04-13 balance Liabilities:US:Chase:Slate       27.70 USD

2024-04-13 * "China Garden" "Eating out with work buddies"
  Liabilities:US:Chase:Slate                       -27.70 USD
  Expenses:Food:Restaurant                          27.70 USD

2024-04-14 * "Corner Deli" "Buying groceries"
  Liabilities:US:Chase:Slate                       -73.36 USD
  Expenses:Food:Groceries                           73.36 USD

2024-04-18 * "Cafe Modagor" "Eating out "
  Liabilities:US:Chase:Slate                       -36.65 USD
  Expenses:Food:Restaurant                          36.65 USD

2024-04-21 * "China Garden" "Eating out "
  Liabilities:US:Chase:Slate                       -37.96 USD
  Expenses:Food:Restaurant                          37.96 USD

2024-04-26 * "Kin Soy" "Eating out "
  Liabilities:US:Chase:Slate                       -21.12 USD
  Expenses:Food:Restaurant                          21.12 USD

2024-04-27 * "China Garden" "Eating out with Julie"
  Liabilities:US:Chase:Slate                       -31.46 USD
  Expenses:Food:Restaurant                          31.46 USD

2024-04-28 * "Goba Goba" "Eating out with Joe"
  Liabilities:US:Chase:Slate                       -34.03 USD
  Expenses:Food:Restaurant                          34.03 USD

2024-04-29 * "Onion Market" "Buying groceries"
  Liabilities:US:Chase:Slate                      -125.57 USD
  Expenses:Food:Groceries                          125.57 USD

2024-04-30 * "Metro Transport Authority" "Tram tickets"
  Liabilities:US:Chase:Slate                      -120.00 USD
  Expenses:Transport:Tram                          120.00 USD

2024-05-03 * "Chichipotle" "Eating out alone"
  Liabilities:US:Chase:Slate                       -23.66 USD
  Expenses:Food:Restaurant                          23.66 USD

2024-05-08 * "Rose Flower" "Eating out with work buddies"
  Liabilities:US:Chase:Slate                       -12.48 USD
  Expenses:Food:Restaurant                          12.48 USD

2024-05-10 balance Liabilities:US:Chase:Slate     -516.29 USD

2024-05-11 * "China Garden" "Eating out with Julie"
  Liabilities:US:Chase:Slate                       -29.83 USD
  Expenses:Food:Restaurant                          29.83 USD

2024-05-11 * "Chase:Slate" "Paying off credit card"
  Liabilities:US:Chase:Slate                       546.12 USD
  Assets:US:BofA:Checking                         -546.12 USD

2024-05-16 * "China Garden" "Eating out with Natasha"
  Liabilities:US:Chase:Slate                       -30.16 USD
  Expenses:Food:Restaurant                          30.16 USD

2024-05-17 * "Uncle Boons" "Eating out with work buddies"
  Liabilities:US:Chase:Slate                       -24.09 USD
  Expenses:Food:Restaurant                          24.09 USD

2024-05-19 * "Good Moods Market" "Buying groceries"
  Liabilities:US:Chase:Slate                       -75.70 USD
  Expenses:Food:Groceries                           75.70 USD

2024-05-22 * "Uncle Boons" "Eating out with Joe"
  Liabilities:US:Chase:Slate                       -30.04 USD
  Expenses:Food:Restaurant                          30.04 USD

2024-05-27 * "Uncle Boons" "Eating out with Bill"
  Liabilities:US:Chase:Slate                       -23.50 USD
  Expenses:Food:Restaurant                          23.50 USD

2024-05-28 * "Kin Soy" "Eating out after work"
  Liabilities:US:Chase:Slate                       -31.30 USD
  Expenses:Food:Restaurant                          31.30 USD

2024-05-29 * "Metro Transport Authority" "Tram tickets"
  Liabilities:US:Chase:Slate                      -120.00 USD
  Expenses:Transport:Tram                          120.00 USD

2024-05-30 * "Farmer Fresh" "Buying groceries"
  Liabilities:US:Chase:Slate                       -62.27 USD
  Expenses:Food:Groceries                           62.27 USD

2024-06-01 * "Jewel of Morroco" "Eating out with Joe"
  Liabilities:US:Chase:Slate                       -34.97 USD
  Expenses:Food:Restaurant                          34.97 USD

2024-06-06 * "Chichipotle" "Eating out with Joe"
  Liabilities:US:Chase:Slate                       -33.51 USD
  Expenses:Food:Restaurant                          33.51 USD

2024-06-08 * "Chase:Slate" "Paying off credit card"
  Liabilities:US:Chase:Slate                       495.38 USD
  Assets:US:BofA:Checking                         -495.38 USD

2024-06-09 balance Liabilities:US:Chase:Slate       29.84 USD

2024-06-10 * "Uncle Boons" "Eating out with work buddies"
  Liabilities:US:Chase:Slate                       -29.84 USD
  Expenses:Food:Restaurant                          29.84 USD

2024-06-15 * "Uncle Boons" "Eating out with work buddies"
  Liabilities:US:Chase:Slate                       -68.80 USD
  Expenses:Food:Restaurant                          68.80 USD

2024-06-17 * "Good Moods Market" "Buying groceries"
  Liabilities:US:Chase:Slate                       -80.38 USD
  Expenses:Food:Groceries                           80.38 USD

2024-06-18 * "Chichipotle" "Eating out with work buddies"
  Liabilities:US:Chase:Slate                       -30.57 USD
  Expenses:Food:Restaurant                          30.57 USD

2024-06-20 * "Cafe Modagor" "Eating out with Joe"
  Liabilities:US:Chase:Slate                       -22.72 USD
  Expenses:Food:Restaurant                          22.72 USD

2024-06-22 * "Good Moods Market" "Buying groceries"
  Liabilities:US:Chase:Slate                      -114.58 USD
  Expenses:Food:Groceries                          114.58 USD

2024-06-24 * "China Garden" "Eating out with work buddies"
  Liabilities:US:Chase:Slate                       -37.01 USD
  Expenses:Food:Restaurant                          37.01 USD

2024-06-29 * "Rose Flower" "Eating out after work"
  Liabilities:US:Chase:Slate                       -36.62 USD
  Expenses:Food:Restaurant                          36.62 USD

2024-06-29 * "Metro Transport Authority" "Tram tickets"
  Liabilities:US:Chase:Slate                      -120.00 USD
  Expenses:Transport:Tram                          120.00 USD

2024-06-30 * "Good Moods Market" "Buying groceries"
  Liabilities:US:Chase:Slate                       -87.53 USD
  Expenses:Food:Groceries                           87.53 USD

2024-07-03 * "Kin Soy" "Eating out with work buddies"
  Liabilities:US:Chase:Slate                       -38.54 USD
  Expenses:Food:Restaurant                          38.54 USD

2024-07-04 balance Liabilities:US:Chase:Slate     -636.75 USD

2024-07-05 * "Jewel of Morroco" "Eating out with Joe"
  Liabilities:US:Chase:Slate                       -18.35 USD
  Expenses:Food:Restaurant                          18.35 USD

2024-07-09 * "Jewel of Morroco" "Eating out with Bill"
  Liabilities:US:Chase:Slate                       -17.28 USD
  Expenses:Food:Restaurant                          17.28 USD

2024-07-11 * "Cafe Modagor" "Eating out with work buddies"
  Liabilities:US:Chase:Slate                       -33.83 USD
  Expenses:Food:Restaurant                          33.83 USD

2024-07-11 * "Chase:Slate" "Paying off credit card"
  Liabilities:US:Chase:Slate                       706.21 USD
  Assets:US:BofA:Checking                         -706.21 USD

2024-07-14 * "Chichipotle" "Eating out alone"
  Liabilities:US:Chase:Slate                       -12.38 USD
  Expenses:Food:Restaurant                          12.38 USD

2024-07-19 * "Chichipotle" "Eating out with work buddies"
  Liabilities:US:Chase:Slate                       -53.56 USD
  Expenses:Food:Restaurant                          53.56 USD

2024-07-19 * "Farmer Fresh" "Buying groceries"
  Liabilities:US:Chase:Slate                       -86.03 USD
  Expenses:Food:Groceries                           86.03 USD

2024-07-22 * "Kin Soy" "Eating out "
  Liabilities:US:Chase:Slate                       -31.60 USD
  Expenses:Food:Restaurant                          31.60 USD

2024-07-25 * "Jewel of Morroco" "Eating out with work buddies"
  Liabilities:US:Chase:Slate                       -38.54 USD
  Expenses:Food:Restaurant                          38.54 USD

2024-07-26 balance Liabilities:US:Chase:Slate     -222.11 USD

2024-07-26 * "Uncle Boons" "Eating out "
  Liabilities:US:Chase:Slate                       -43.89 USD
  Expenses:Food:Restaurant                          43.89 USD

2024-07-28 * "Kin Soy" "Eating out after work"
  Liabilities:US:Chase:Slate                       -12.90 USD
  Expenses:Food:Restaurant                          12.90 USD

2024-07-29 * "Corner Deli" "Buying groceries"
  Liabilities:US:Chase:Slate                       -92.04 USD
  Expenses:Food:Groceries                           92.04 USD

2024-07-29 * "Metro Transport Authority" "Tram tickets"
  Liabilities:US:Chase:Slate                      -120.00 USD
  Expenses:Transport:Tram                          120.00 USD

2024-07-30 * "Kin Soy" "Eating out with work buddies"
  Liabilities:US:Chase:Slate                       -14.72 USD
  Expenses:Food:Restaurant                          14.72 USD

2024-08-03 * "Cafe Modagor" "Eating out "
  Liabilities:US:Chase:Slate                       -49.05 USD
  Expenses:Food:Restaurant                          49.05 USD

2024-08-06 * "Kin Soy" "Eating out after work"
  Liabilities:US:Chase:Slate                       -29.86 USD
  Expenses:Food:Restaurant                          29.86 USD

2024-08-08 * "Good Moods Market" "Buying groceries"
  Liabilities:US:Chase:Slate                      -106.99 USD
  Expenses:Food:Groceries                          106.99 USD

2024-08-08 * "Chase:Slate" "Paying off credit card"
  Liabilities:US:Chase:Slate                       691.56 USD
  Assets:US:BofA:Checking                         -691.56 USD

2024-08-10 * "Chichipotle" "Eating out with Natasha"
  Liabilities:US:Chase:Slate                       -31.99 USD
  Expenses:Food:Restaurant                          31.99 USD

2024-08-15 * "Kin Soy" "Eating out "
  Liabilities:US:Chase:Slate                       -23.96 USD
  Expenses:Food:Restaurant                          23.96 USD

2024-08-17 balance Liabilities:US:Chase:Slate      -55.95 USD

2024-08-19 * "Kin Soy" "Eating out "
  Liabilities:US:Chase:Slate                       -26.72 USD
  Expenses:Food:Restaurant                          26.72 USD

2024-08-20 * "Uncle Boons" "Eating out alone"
  Liabilities:US:Chase:Slate                       -18.17 USD
  Expenses:Food:Restaurant                          18.17 USD

2024-08-24 * "Farmer Fresh" "Buying groceries"
  Liabilities:US:Chase:Slate                      -103.36 USD
  Expenses:Food:Groceries                          103.36 USD

2024-08-25 * "Chichipotle" "Eating out after work"
  Liabilities:US:Chase:Slate                       -94.12 USD
  Expenses:Food:Restaurant                          94.12 USD

2024-08-28 * "Metro Transport Authority" "Tram tickets"
  Liabilities:US:Chase:Slate                      -120.00 USD
  Expenses:Transport:Tram                          120.00 USD

2024-08-30 * "Uncle Boons" "Eating out with Joe"
  Liabilities:US:Chase:Slate                       -19.46 USD
  Expenses:Food:Restaurant                          19.46 USD

2024-09-01 * "Chichipotle" "Eating out with Julie"
  Liabilities:US:Chase:Slate                       -33.26 USD
  Expenses:Food:Restaurant                          33.26 USD

2024-09-01 * "Farmer Fresh" "Buying groceries"
  Liabilities:US:Chase:Slate                       -85.85 USD
  Expenses:Food:Groceries                           85.85 USD

2024-09-04 * "Goba Goba" "Eating out with Natasha"
  Liabilities:US:Chase:Slate                       -24.79 USD
  Expenses:Food:Restaurant                          24.79 USD

2024-09-05 * "Cafe Modagor" "Eating out with Natasha"
  Liabilities:US:Chase:Slate                       -41.91 USD
  Expenses:Food:Restaurant                          41.91 USD

2024-09-06 * "Uncle Boons" "Eating out alone"
  Liabilities:US:Chase:Slate                       -33.05 USD
  Expenses:Food:Restaurant                          33.05 USD

2024-09-07 * "Chase:Slate" "Paying off credit card"
  Liabilities:US:Chase:Slate                       676.15 USD
  Assets:US:BofA:Checking                         -676.15 USD

2024-09-08 balance Liabilities:US:Chase:Slate       19.51 USD

2024-09-10 * "Chichipotle" "Eating out alone"
  Liabilities:US:Chase:Slate                       -19.51 USD
  Expenses:Food:Restaurant                          19.51 USD

2024-09-12 event "location" "Chicago"

2024-09-13 * "Argo Tea" "" #trip-chicago-2024
  Liabilities:US:Chase:Slate                        -6.12 USD
  Expenses:Food:Coffee                               6.12 USD

2024-09-14 * "Mercadito" "" #trip-chicago-2024
  Liabilities:US:Chase:Slate                       -40.28 USD
  Expenses:Food:Restaurant                          40.28 USD

2024-09-14 * "25 Degrees Burger Bar" "" #trip-chicago-2024
  Liabilities:US:Chase:Slate                       -18.73 USD
  Expenses:Food:Restaurant                          18.73 USD

2024-09-15 * "Mercadito" "" #trip-chicago-2024
  Liabilities:US:Chase:Slate                       -41.80 USD
  Expenses:Food:Restaurant                          41.80 USD

2024-09-15 * "Argo Tea" "" #trip-chicago-2024
  Liabilities:US:Chase:Slate                        -6.92 USD
  Expenses:Food:Coffee                               6.92 USD

2024-09-16 * "Mercadito" "" #trip-chicago-2024
  Liabilities:US:Chase:Slate                       -33.25 USD
  Expenses:Food:Restaurant                          33.25 USD

2024-09-17 * "Eataly Chicago" "" #trip-chicago-2024
  Liabilities:US:Chase:Slate                       -30.89 USD
  Expenses:Food:Restaurant                          30.89 USD

2024-09-19 * "Star of Siam" "" #trip-chicago-2024
  Liabilities:US:Chase:Slate                       -22.05 USD
  Expenses:Food:Restaurant                          22.05 USD

2024-09-19 * "Mercadito" "" #trip-chicago-2024
  Liabilities:US:Chase:Slate                       -30.11 USD
  Expenses:Food:Restaurant                          30.11 USD

2024-09-19 * "Another Sports Pub" "" #trip-chicago-2024
  Liabilities:US:Chase:Slate                       -14.54 USD
  Expenses:Food:Alcohol                             14.54 USD

2024-09-22 * "Star of Siam" "" #trip-chicago-2024
  Liabilities:US:Chase:Slate                       -21.38 USD
  Expenses:Food:Restaurant                          21.38 USD

2024-09-22 * "Argo Tea" "" #trip-chicago-2024
  Liabilities:US:Chase:Slate                        -6.64 USD
  Expenses:Food:Coffee                               6.64 USD

2024-09-22 * "Consume vacation days"
  Assets:US:Hooli:Vacation                            -80 VACHR
  Expenses:Vacation                                    80 VACHR

2024-09-22 event "location" "New Metropolis"

2024-09-26 * "Rose Flower" "Eating out with work buddies"
  Liabilities:US:Chase:Slate                       -29.84 USD
  Expenses:Food:Restaurant                          29.84 USD

2024-09-29 * "Metro Transport Authority" "Tram tickets"
  Liabilities:US:Chase:Slate                      -120.00 USD
  Expenses:Transport:Tram                          120.00 USD

2024-09-30 balance Liabilities:US:Chase:Slate     -422.55 USD

2024-09-30 * "Corner Deli" "Buying groceries"
  Liabilities:US:Chase:Slate                       -67.88 USD
  Expenses:Food:Groceries                           67.88 USD

2024-10-01 * "Uncle Boons" "Eating out with Joe"
  Liabilities:US:Chase:Slate                       -18.02 USD
  Expenses:Food:Restaurant                          18.02 USD

2024-10-04 * "Goba Goba" "Eating out with Natasha"
  Liabilities:US:Chase:Slate                       -55.06 USD
  Expenses:Food:Restaurant                          55.06 USD

2024-10-08 * "Cafe Modagor" "Eating out with Joe"
  Liabilities:US:Chase:Slate                       -40.33 USD
  Expenses:Food:Restaurant                          40.33 USD

2024-10-09 * "Chase:Slate" "Paying off credit card"
  Liabilities:US:Chase:Slate                       369.88 USD
  Assets:US:BofA:Checking                         -369.88 USD

2024-10-12 * "Kin Soy" "Eating out with Bill"
  Liabilities:US:Chase:Slate                       -38.75 USD
  Expenses:Food:Restaurant                          38.75 USD

2024-10-14 * "Onion Market" "Buying groceries"
  Liabilities:US:Chase:Slate                      -121.43 USD
  Expenses:Food:Groceries                          121.43 USD

2024-10-15 * "Cafe Modagor" "Eating out with Natasha"
  Liabilities:US:Chase:Slate                       -40.55 USD
  Expenses:Food:Restaurant                          40.55 USD

2024-10-19 * "Cafe Modagor" "Eating out with Julie"
  Liabilities:US:Chase:Slate                       -42.44 USD
  Expenses:Food:Restaurant                          42.44 USD

2024-10-22 balance Liabilities:US:Chase:Slate     -477.13 USD

2024-10-23 * "Kin Soy" "Eating out with work buddies"
  Liabilities:US:Chase:Slate                       -50.62 USD
  Expenses:Food:Restaurant                          50.62 USD

2024-10-23 * "Good Moods Market" "Buying groceries"
  Liabilities:US:Chase:Slate                       -65.73 USD
  Expenses:Food:Groceries                           65.73 USD

2024-10-26 * "Cafe Modagor" "Eating out with Bill"
  Liabilities:US:Chase:Slate                       -29.28 USD
  Expenses:Food:Restaurant                          29.28 USD

2024-10-30 * "Jewel of Morroco" "Eating out "
  Liabilities:US:Chase:Slate                       -35.08 USD
  Expenses:Food:Restaurant                          35.08 USD

2024-11-01 * "Good Moods Market" "Buying groceries"
  Liabilities:US:Chase:Slate                       -54.46 USD
  Expenses:Food:Groceries                           54.46 USD

2024-11-01 * "Metro Transport Authority" "Tram tickets"
  Liabilities:US:Chase:Slate                      -120.00 USD
  Expenses:Transport:Tram                          120.00 USD

2024-11-04 * "Kin Soy" "Eating out with Julie"
  Liabilities:US:Chase:Slate                       -42.30 USD
  Expenses:Food:Restaurant                          42.30 USD

2024-11-07 * "China Garden" "Eating out with work buddies"
  Liabilities:US:Chase:Slate                       -16.07 USD
  Expenses:Food:Restaurant                          16.07 USD

2024-11-09 * "Uncle Boons" "Eating out "
  Liabilities:US:Chase:Slate                       -19.80 USD
  Expenses:Food:Restaurant                          19.80 USD

2024-11-11 * "Chase:Slate" "Paying off credit card"
  Liabilities:US:Chase:Slate                       658.15 USD
  Assets:US:BofA:Checking                         -658.15 USD

2024-11-14 * "Kin Soy" "Eating out with Natasha"
  Liabilities:US:Chase:Slate                       -20.39 USD
  Expenses:Food:Restaurant                          20.39 USD

2024-11-15 balance Liabilities:US:Chase:Slate     -272.71 USD

2024-11-19 * "Goba Goba" "Eating out with work buddies"
  Liabilities:US:Chase:Slate                       -14.05 USD
  Expenses:Food:Restaurant                          14.05 USD

2024-11-21 * "Good Moods Market" "Buying groceries"
  Liabilities:US:Chase:Slate                       -79.39 USD
  Expenses:Food:Groceries                           79.39 USD

2024-11-23 * "China Garden" "Eating out after work"
  Liabilities:US:Chase:Slate                       -20.30 USD
  Expenses:Food:Restaurant                          20.30 USD

2024-11-28 * "Jewel of Morroco" "Eating out with work buddies"
  Liabilities:US:Chase:Slate                       -26.02 USD
  Expenses:Food:Restaurant                          26.02 USD

2024-11-29 * "Metro Transport Authority" "Tram tickets"
  Liabilities:US:Chase:Slate                      -120.00 USD
  Expenses:Transport:Tram                          120.00 USD

2024-11-30 * "Kin Soy" "Eating out with Natasha"
  Liabilities:US:Chase:Slate                       -26.35 USD
  Expenses:Food:Restaurant                          26.35 USD

2024-12-05 * "China Garden" "Eating out after work"
  Liabilities:US:Chase:Slate                       -15.98 USD
  Expenses:Food:Restaurant                          15.98 USD

2024-12-08 balance Liabilities:US:Chase:Slate     -574.80 USD

2024-12-08 * "Rose Flower" "Eating out with work buddies"
  Liabilities:US:Chase:Slate                       -79.03 USD
  Expenses:Food:Restaurant                          79.03 USD

2024-12-09 * "Chichipotle" "Eating out after work"
  Liabilities:US:Chase:Slate                       -18.95 USD
  Expenses:Food:Restaurant                          18.95 USD

2024-12-11 * "Good Moods Market" "Buying groceries"
  Liabilities:US:Chase:Slate                       -72.73 USD
  Expenses:Food:Groceries                           72.73 USD

2024-12-11 * "Chase:Slate" "Paying off credit card"
  Liabilities:US:Chase:Slate                       472.80 USD
  Assets:US:BofA:Checking                         -472.80 USD

2024-12-14 * "Chichipotle" "Eating out with Bill"
  Liabilities:US:Chase:Slate                       -18.53 USD
  Expenses:Food:Restaurant                          18.53 USD

2024-12-17 * "Chichipotle" "Eating out after work"
  Liabilities:US:Chase:Slate                       -29.11 USD
  Expenses:Food:Restaurant                          29.11 USD

2024-12-21 * "Uncle Boons" "Eating out with Joe"
  Liabilities:US:Chase:Slate                       -38.47 USD
  Expenses:Food:Restaurant                          38.47 USD

2024-12-22 * "Onion Market" "Buying groceries"
  Liabilities:US:Chase:Slate                      -109.77 USD
  Expenses:Food:Groceries                          109.77 USD

2024-12-23 * "Cafe Modagor" "Eating out "
  Liabilities:US:Chase:Slate                       -37.26 USD
  Expenses:Food:Restaurant                          37.26 USD

2024-12-25 * "Uncle Boons" "Eating out with Julie"
  Liabilities:US:Chase:Slate                       -36.14 USD
  Expenses:Food:Restaurant                          36.14 USD

2024-12-26 * "Metro Transport Authority" "Tram tickets"
  Liabilities:US:Chase:Slate                      -120.00 USD
  Expenses:Transport:Tram                          120.00 USD

2024-12-29 * "Rose Flower" "Eating out with Bill"
  Liabilities:US:Chase:Slate                       -39.59 USD
  Expenses:Food:Restaurant                          39.59 USD

2025-01-01 balance Liabilities:US:Chase:Slate     -701.58 USD

2025-01-03 * "Goba Goba" "Eating out after work"
  Liabilities:US:Chase:Slate                       -27.28 USD
  Expenses:Food:Restaurant                          27.28 USD

2025-01-07 * "Goba Goba" "Eating out with Joe"
  Liabilities:US:Chase:Slate                       -28.95 USD
  Expenses:Food:Restaurant                          28.95 USD

2025-01-08 * "Jewel of Morroco" "Eating out with work buddies"
  Liabilities:US:Chase:Slate                       -34.73 USD
  Expenses:Food:Restaurant                          34.73 USD

2025-01-08 * "Onion Market" "Buying groceries"
  Liabilities:US:Chase:Slate                      -135.89 USD
  Expenses:Food:Groceries                          135.89 USD

2025-01-09 * "Rose Flower" "Eating out "
  Liabilities:US:Chase:Slate                       -45.05 USD
  Expenses:Food:Restaurant                          45.05 USD

2025-01-10 * "Chase:Slate" "Paying off credit card"
  Liabilities:US:Chase:Slate                       732.23 USD
  Assets:US:BofA:Checking                         -732.23 USD

2025-01-13 * "Jewel of Morroco" "Eating out with Julie"
  Liabilities:US:Chase:Slate                       -31.46 USD
  Expenses:Food:Restaurant                          31.46 USD

2025-01-14 * "Rose Flower" "Eating out alone"
  Liabilities:US:Chase:Slate                       -45.32 USD
  Expenses:Food:Restaurant                          45.32 USD

2025-01-15 * "Cafe Modagor" "Eating out with work buddies"
  Liabilities:US:Chase:Slate                       -19.09 USD
  Expenses:Food:Restaurant                          19.09 USD

2025-01-19 * "Goba Goba" "Eating out with Joe"
  Liabilities:US:Chase:Slate                       -30.57 USD
  Expenses:Food:Restaurant                          30.57 USD

2025-01-21 * "Good Moods Market" "Buying groceries"
  Liabilities:US:Chase:Slate                       -61.06 USD
  Expenses:Food:Groceries                           61.06 USD

2025-01-24 * "Cafe Modagor" "Eating out "
  Liabilities:US:Chase:Slate                       -37.02 USD
  Expenses:Food:Restaurant                          37.02 USD

2025-01-26 * "Jewel of Morroco" "Eating out with Julie"
  Liabilities:US:Chase:Slate                       -21.60 USD
  Expenses:Food:Restaurant                          21.60 USD

2025-01-26 * "Metro Transport Authority" "Tram tickets"
  Liabilities:US:Chase:Slate                      -120.00 USD
  Expenses:Transport:Tram                          120.00 USD

2025-01-28 * "Rose Flower" "Eating out with Julie"
  Liabilities:US:Chase:Slate                       -13.74 USD
  Expenses:Food:Restaurant                          13.74 USD

2025-01-29 * "Jewel of Morroco" "Eating out "
  Liabilities:US:Chase:Slate                       -26.78 USD
  Expenses:Food:Restaurant                          26.78 USD

2025-01-30 balance Liabilities:US:Chase:Slate     -647.89 USD

2025-02-01 * "Cafe Modagor" "Eating out with work buddies"
  Liabilities:US:Chase:Slate                       -30.63 USD
  Expenses:Food:Restaurant                          30.63 USD

2025-02-02 * "Chichipotle" "Eating out with Bill"
  Liabilities:US:Chase:Slate                       -29.77 USD
  Expenses:Food:Restaurant                          29.77 USD

2025-02-06 * "Goba Goba" "Eating out with Natasha"
  Liabilities:US:Chase:Slate                       -29.20 USD
  Expenses:Food:Restaurant                          29.20 USD

2025-02-08 * "Jewel of Morroco" "Eating out with Bill"
  Liabilities:US:Chase:Slate                       -12.04 USD
  Expenses:Food:Restaurant                          12.04 USD

2025-02-08 * "Onion Market" "Buying groceries"
  Liabilities:US:Chase:Slate                       -73.92 USD
  Expenses:Food:Groceries                           73.92 USD

2025-02-09 * "Chichipotle" "Eating out "
  Liabilities:US:Chase:Slate                       -38.12 USD
  Expenses:Food:Restaurant                          38.12 USD

2025-02-10 * "Jewel of Morroco" "Eating out with Bill"
  Liabilities:US:Chase:Slate                       -25.51 USD
  Expenses:Food:Restaurant                          25.51 USD

2025-02-10 * "Chase:Slate" "Paying off credit card"
  Liabilities:US:Chase:Slate                       614.37 USD
  Assets:US:BofA:Checking                         -614.37 USD

2025-02-15 * "Chichipotle" "Eating out with Bill"
  Liabilities:US:Chase:Slate                       -36.43 USD
  Expenses:Food:Restaurant                          36.43 USD

2025-02-19 * "Goba Goba" "Eating out with Joe"
  Liabilities:US:Chase:Slate                       -34.18 USD
  Expenses:Food:Restaurant                          34.18 USD

2025-02-19 * "Onion Market" "Buying groceries"
  Liabilities:US:Chase:Slate                       -81.69 USD
  Expenses:Food:Groceries                           81.69 USD

2025-02-20 balance Liabilities:US:Chase:Slate     -425.01 USD

2025-02-22 * "Metro Transport Authority" "Tram tickets"
  Liabilities:US:Chase:Slate                      -120.00 USD
  Expenses:Transport:Tram                          120.00 USD

2025-02-24 * "Cafe Modagor" "Eating out with Joe"
  Liabilities:US:Chase:Slate                       -21.00 USD
  Expenses:Food:Restaurant                          21.00 USD

2025-02-26 * "Jewel of Morroco" "Eating out with work buddies"
  Liabilities:US:Chase:Slate                       -20.80 USD
  Expenses:Food:Restaurant                          20.80 USD

2025-03-03 * "Chichipotle" "Eating out alone"
  Liabilities:US:Chase:Slate                       -26.08 USD
  Expenses:Food:Restaurant                          26.08 USD

2025-03-04 * "Kin Soy" "Eating out with Bill"
  Liabilities:US:Chase:Slate                       -41.95 USD
  Expenses:Food:Restaurant                          41.95 USD

2025-03-04 * "Farmer Fresh" "Buying groceries"
  Liabilities:US:Chase:Slate                       -88.86 USD
  Expenses:Food:Groceries                           88.86 USD

2025-03-08 * "Cafe Modagor" "Eating out "
  Liabilities:US:Chase:Slate                       -25.83 USD
  Expenses:Food:Restaurant                          25.83 USD

2025-03-09 * "Rose Flower" "Eating out alone"
  Liabilities:US:Chase:Slate                       -15.16 USD
  Expenses:Food:Restaurant                          15.16 USD

2025-03-10 * "Uncle Boons" "Eating out with Joe"
  Liabilities:US:Chase:Slate                       -52.46 USD
  Expenses:Food:Restaurant                          52.46 USD

2025-03-11 * "Chase:Slate" "Paying off credit card"
  Liabilities:US:Chase:Slate                       587.90 USD
  Assets:US:BofA:Checking                         -587.90 USD

2025-03-14 * "Kin Soy" "Eating out "
  Liabilities:US:Chase:Slate                       -23.46 USD
  Expenses:Food:Restaurant                          23.46 USD

2025-03-16 * "Kin Soy" "Eating out with work buddies"
  Liabilities:US:Chase:Slate                       -26.00 USD
  Expenses:Food:Restaurant                          26.00 USD

2025-03-18 * "China Garden" "Eating out with Bill"
  Liabilities:US:Chase:Slate                       -15.22 USD
  Expenses:Food:Restaurant                          15.22 USD

2025-03-21 * "Metro Transport Authority" "Tram tickets"
  Liabilities:US:Chase:Slate                      -120.00 USD
  Expenses:Transport:Tram                          120.00 USD

2025-03-22 balance Liabilities:US:Chase:Slate     -433.93 USD

2025-03-22 * "Chichipotle" "Eating out with Julie"
  Liabilities:US:Chase:Slate                       -38.86 USD
  Expenses:Food:Restaurant                          38.86 USD

2025-03-22 * "Corner Deli" "Buying groceries"
  Liabilities:US:Chase:Slate                       -85.47 USD
  Expenses:Food:Groceries                           85.47 USD

2025-03-24 * "Chichipotle" "Eating out "
  Liabilities:US:Chase:Slate                       -34.18 USD
  Expenses:Food:Restaurant                          34.18 USD

2025-03-27 * "China Garden" "Eating out with Natasha"
  Liabilities:US:Chase:Slate                       -25.12 USD
  Expenses:Food:Restaurant                          25.12 USD

2025-03-29 * "Uncle Boons" "Eating out with Natasha"
  Liabilities:US:Chase:Slate                       -32.69 USD
  Expenses:Food:Restaurant                          32.69 USD

2025-04-01 * "Chichipotle" "Eating out with Bill"
  Liabilities:US:Chase:Slate                       -15.97 USD
  Expenses:Food:Restaurant                          15.97 USD

2025-04-04 * "Jewel of Morroco" "Eating out with Joe"
  Liabilities:US:Chase:Slate                       -29.04 USD
  Expenses:Food:Restaurant                          29.04 USD

2025-04-07 * "Uncle Boons" "Eating out with work buddies"
  Liabilities:US:Chase:Slate                       -41.01 USD
  Expenses:Food:Restaurant                          41.01 USD

2025-04-08 * "Good Moods Market" "Buying groceries"
  Liabilities:US:Chase:Slate                       -89.44 USD
  Expenses:Food:Groceries                           89.44 USD

2025-04-10 * "Chichipotle" "Eating out alone"
  Liabilities:US:Chase:Slate                       -32.26 USD
  Expenses:Food:Restaurant                          32.26 USD

2025-04-11 * "Chase:Slate" "Paying off credit card"
  Liabilities:US:Chase:Slate                       608.10 USD
  Assets:US:BofA:Checking                         -608.10 USD

2025-04-14 * "Kin Soy" "Eating out after work"
  Liabilities:US:Chase:Slate                       -22.84 USD
  Expenses:Food:Restaurant                          22.84 USD

2025-04-14 * "Good Moods Market" "Buying groceries"
  Liabilities:US:Chase:Slate                       -61.19 USD
  Expenses:Food:Groceries                           61.19 USD

2025-04-17 * "Jewel of Morroco" "Eating out after work"
  Liabilities:US:Chase:Slate                       -24.59 USD
  Expenses:Food:Restaurant                          24.59 USD

2025-04-20 balance Liabilities:US:Chase:Slate     -358.49 USD

2025-04-20 * "Jewel of Morroco" "Eating out "
  Liabilities:US:Chase:Slate                       -13.57 USD
  Expenses:Food:Restaurant                          13.57 USD

2025-04-20 * "Metro Transport Authority" "Tram tickets"
  Liabilities:US:Chase:Slate                      -120.00 USD
  Expenses:Transport:Tram                          120.00 USD

2025-04-22 * "China Garden" "Eating out with Julie"
  Liabilities:US:Chase:Slate                       -50.53 USD
  Expenses:Food:Restaurant                          50.53 USD

2025-04-27 * "Rose Flower" "Eating out "
  Liabilities:US:Chase:Slate                       -21.05 USD
  Expenses:Food:Restaurant                          21.05 USD

2025-04-29 * "China Garden" "Eating out with Bill"
  Liabilities:US:Chase:Slate                       -21.55 USD
  Expenses:Food:Restaurant                          21.55 USD

2025-04-30 * "Rose Flower" "Eating out with Natasha"
  Liabilities:US:Chase:Slate                       -44.99 USD
  Expenses:Food:Restaurant                          44.99 USD

2025-05-01 * "Corner Deli" "Buying groceries"
  Liabilities:US:Chase:Slate                       -62.92 USD
  Expenses:Food:Groceries                           62.92 USD

2025-05-04 * "Chichipotle" "Eating out "
  Liabilities:US:Chase:Slate                       -43.04 USD
  Expenses:Food:Restaurant                          43.04 USD

2025-05-05 * "Jewel of Morroco" "Eating out after work"
  Liabilities:US:Chase:Slate                       -25.25 USD
  Expenses:Food:Restaurant                          25.25 USD

2025-05-08 * "Chase:Slate" "Paying off credit card"
  Liabilities:US:Chase:Slate                       505.12 USD
  Assets:US:BofA:Checking                         -505.12 USD

2025-05-09 * "Chichipotle" "Eating out with Bill"
  Liabilities:US:Chase:Slate                       -16.44 USD
  Expenses:Food:Restaurant                          16.44 USD

2025-05-11 * "Kin Soy" "Eating out alone"
  Liabilities:US:Chase:Slate                       -20.97 USD
  Expenses:Food:Restaurant                          20.97 USD

2025-05-15 * "Onion Market" "Buying groceries"
  Liabilities:US:Chase:Slate                       -65.93 USD
  Expenses:Food:Groceries                           65.93 USD

2025-05-16 balance Liabilities:US:Chase:Slate     -359.61 USD

2025-05-16 * "Rose Flower" "Eating out after work"
  Liabilities:US:Chase:Slate                       -22.89 USD
  Expenses:Food:Restaurant                          22.89 USD

2025-05-19 * "Chichipotle" "Eating out with work buddies"
  Liabilities:US:Chase:Slate                       -27.22 USD
  Expenses:Food:Restaurant                          27.22 USD

2025-05-23 * "Metro Transport Authority" "Tram tickets"
  Liabilities:US:Chase:Slate                      -120.00 USD
  Expenses:Transport:Tram                          120.00 USD

2025-05-24 * "Rose Flower" "Eating out with work buddies"
  Liabilities:US:Chase:Slate                       -31.34 USD
  Expenses:Food:Restaurant                          31.34 USD

2025-05-26 * "Kin Soy" "Eating out alone"
  Liabilities:US:Chase:Slate                       -15.48 USD
  Expenses:Food:Restaurant                          15.48 USD

2025-05-27 * "Goba Goba" "Eating out "
  Liabilities:US:Chase:Slate                       -51.63 USD
  Expenses:Food:Restaurant                          51.63 USD

2025-05-29 * "Farmer Fresh" "Buying groceries"
  Liabilities:US:Chase:Slate                       -60.07 USD
  Expenses:Food:Groceries                           60.07 USD

2025-05-31 * "Cafe Modagor" "Eating out with Natasha"
  Liabilities:US:Chase:Slate                       -24.33 USD
  Expenses:Food:Restaurant                          24.33 USD

2025-06-01 * "Goba Goba" "Eating out with work buddies"
  Liabilities:US:Chase:Slate                       -32.08 USD
  Expenses:Food:Restaurant                          32.08 USD

2025-06-04 * "Chichipotle" "Eating out with Julie"
  Liabilities:US:Chase:Slate                       -25.95 USD
  Expenses:Food:Restaurant                          25.95 USD

2025-06-07 * "China Garden" "Eating out with Joe"
  Liabilities:US:Chase:Slate                       -27.47 USD
  Expenses:Food:Restaurant                          27.47 USD

2025-06-08 * "Onion Market" "Buying groceries"
  Liabilities:US:Chase:Slate                       -83.30 USD
  Expenses:Food:Groceries                           83.30 USD

2025-06-09 * "Uncle Boons" "Eating out "
  Liabilities:US:Chase:Slate                       -21.87 USD
  Expenses:Food:Restaurant                          21.87 USD

2025-06-10 * "Chichipotle" "Eating out with Natasha"
  Liabilities:US:Chase:Slate                       -13.52 USD
  Expenses:Food:Restaurant                          13.52 USD

2025-06-11 * "Chase:Slate" "Paying off credit card"
  Liabilities:US:Chase:Slate                       663.00 USD
  Assets:US:BofA:Checking                         -663.00 USD

2025-06-12 balance Liabilities:US:Chase:Slate     -253.76 USD

2025-06-13 * "China Garden" "Eating out alone"
  Liabilities:US:Chase:Slate                       -18.95 USD
  Expenses:Food:Restaurant                          18.95 USD

2025-06-15 * "Rose Flower" "Eating out with work buddies"
  Liabilities:US:Chase:Slate                       -83.22 USD
  Expenses:Food:Restaurant                          83.22 USD

2025-06-18 * "China Garden" "Eating out alone"
  Liabilities:US:Chase:Slate                       -39.88 USD
  Expenses:Food:Restaurant                          39.88 USD

2025-06-20 * "Metro Transport Authority" "Tram tickets"
  Liabilities:US:Chase:Slate                      -120.00 USD
  Expenses:Transport:Tram                          120.00 USD

2025-06-21 * "Uncle Boons" "Eating out with Natasha"
  Liabilities:US:Chase:Slate                       -23.99 USD
  Expenses:Food:Restaurant                          23.99 USD

2025-06-23 * "Farmer Fresh" "Buying groceries"
  Liabilities:US:Chase:Slate                       -54.87 USD
  Expenses:Food:Groceries                           54.87 USD

2025-06-24 * "Rose Flower" "Eating out "
  Liabilities:US:Chase:Slate                       -38.26 USD
  Expenses:Food:Restaurant                          38.26 USD

2025-06-28 * "Jewel of Morroco" "Eating out with Bill"
  Liabilities:US:Chase:Slate                       -19.06 USD
  Expenses:Food:Restaurant                          19.06 USD

2025-06-29 * "Uncle Boons" "Eating out with Bill"
  Liabilities:US:Chase:Slate                       -34.29 USD
  Expenses:Food:Restaurant                          34.29 USD

2025-07-04 * "Kin Soy" "Eating out with work buddies"
  Liabilities:US:Chase:Slate                       -72.29 USD
  Expenses:Food:Restaurant                          72.29 USD

2025-07-06 * "China Garden" "Eating out with Natasha"
  Liabilities:US:Chase:Slate                       -45.28 USD
  Expenses:Food:Restaurant                          45.28 USD

2025-07-08 * "Chase:Slate" "Paying off credit card"
  Liabilities:US:Chase:Slate                       545.73 USD
  Assets:US:BofA:Checking                         -545.73 USD

2025-07-10 balance Liabilities:US:Chase:Slate     -258.12 USD

2025-07-10 * "Kin Soy" "Eating out with Julie"
  Liabilities:US:Chase:Slate                       -14.59 USD
  Expenses:Food:Restaurant                          14.59 USD

2025-07-12 * "Farmer Fresh" "Buying groceries"
  Liabilities:US:Chase:Slate                       -96.69 USD
  Expenses:Food:Groceries                           96.69 USD

2025-07-15 * "Rose Flower" "Eating out with Julie"
  Liabilities:US:Chase:Slate                       -49.99 USD
  Expenses:Food:Restaurant                          49.99 USD

2025-07-19 * "Goba Goba" "Eating out "
  Liabilities:US:Chase:Slate                       -24.30 USD
  Expenses:Food:Restaurant                          24.30 USD

2025-07-19 * "Metro Transport Authority" "Tram tickets"
  Liabilities:US:Chase:Slate                      -120.00 USD
  Expenses:Transport:Tram                          120.00 USD

2025-07-22 * "Jewel of Morroco" "Eating out after work"
  Liabilities:US:Chase:Slate                       -27.23 USD
  Expenses:Food:Restaurant                          27.23 USD

2025-07-27 event "location" "New York"

2025-07-28 * "Cafe Select" "" #trip-new-york-2025
  Liabilities:US:Chase:Slate                       -31.34 USD
  Expenses:Food:Restaurant                          31.34 USD

2025-07-28 * "Laut" "" #trip-new-york-2025
  Liabilities:US:Chase:Slate                       -30.42 USD
  Expenses:Food:Restaurant                          30.42 USD

2025-07-29 * "Uncle Boons" "" #trip-new-york-2025
  Liabilities:US:Chase:Slate                       -42.01 USD
  Expenses:Food:Restaurant                          42.01 USD

2025-07-29 * "Takahachi" "" #trip-new-york-2025
  Liabilities:US:Chase:Slate                       -49.81 USD
  Expenses:Food:Restaurant                          49.81 USD

2025-07-29 * "Gimme! Coffee" "" #trip-new-york-2025
  Liabilities:US:Chase:Slate                        -6.60 USD
  Expenses:Food:Coffee                               6.60 USD

2025-07-30 * "Takahachi" "" #trip-new-york-2025
  Liabilities:US:Chase:Slate                       -38.39 USD
  Expenses:Food:Restaurant                          38.39 USD

2025-07-31 * "Uncle Boons" "" #trip-new-york-2025
  Liabilities:US:Chase:Slate                       -44.82 USD
  Expenses:Food:Restaurant                          44.82 USD

2025-07-31 * "Laut" "" #trip-new-york-2025
  Liabilities:US:Chase:Slate                       -34.72 USD
  Expenses:Food:Restaurant                          34.72 USD

2025-07-31 * "Gimme! Coffee" "" #trip-new-york-2025
  Liabilities:US:Chase:Slate                        -4.83 USD
  Expenses:Food:Coffee                               4.83 USD

2025-08-01 * "Uncle Boons" "" #trip-new-york-2025
  Liabilities:US:Chase:Slate                       -39.20 USD
  Expenses:Food:Restaurant                          39.20 USD

2025-08-01 * "Takahachi" "" #trip-new-york-2025
  Liabilities:US:Chase:Slate                       -49.92 USD
  Expenses:Food:Restaurant                          49.92 USD

2025-08-02 * "Cafe Select" "" #trip-new-york-2025
  Liabilities:US:Chase:Slate                       -31.44 USD
  Expenses:Food:Restaurant                          31.44 USD

2025-08-02 * "Laut" "" #trip-new-york-2025
  Liabilities:US:Chase:Slate                       -31.60 USD
  Expenses:Food:Restaurant                          31.60 USD

2025-08-03 * "Uncle Boons" "" #trip-new-york-2025
  Liabilities:US:Chase:Slate                       -39.65 USD
  Expenses:Food:Restaurant                          39.65 USD

2025-08-03 * "Cafe Select" "" #trip-new-york-2025
  Liabilities:US:Chase:Slate                       -35.61 USD
  Expenses:Food:Restaurant                          35.61 USD

2025-08-05 balance Liabilities:US:Chase:Slate    -1101.28 USD

2025-08-05 * "Rose Flower" "Eating out alone"
  Liabilities:US:Chase:Slate                       -31.86 USD
  Expenses:Food:Restaurant                          31.86 USD

2025-08-05 * "Takahachi" "" #trip-new-york-2025
  Liabilities:US:Chase:Slate                       -59.57 USD
  Expenses:Food:Restaurant                          59.57 USD

2025-08-05 * "Consume vacation days"
  Assets:US:Hooli:Vacation                            -72 VACHR
  Expenses:Vacation                                    72 VACHR

2025-08-05 event "location" "New Metropolis"

2025-08-09 * "Rose Flower" "Eating out alone"
  Liabilities:US:Chase:Slate                       -38.40 USD
  Expenses:Food:Restaurant                          38.40 USD

2025-08-09 * "Chase:Slate" "Paying off credit card"
  Liabilities:US:Chase:Slate                       388.47 USD
  Assets:US:BofA:Checking                         -388.47 USD

2025-08-10 * "Jewel of Morroco" "Eating out alone"
  Liabilities:US:Chase:Slate                       -45.48 USD
  Expenses:Food:Restaurant                          45.48 USD

2025-08-15 * "China Garden" "Eating out with work buddies"
  Liabilities:US:Chase:Slate                       -24.56 USD
  Expenses:Food:Restaurant                          24.56 USD

2025-08-16 * "Chichipotle" "Eating out "
  Liabilities:US:Chase:Slate                       -17.87 USD
  Expenses:Food:Restaurant                          17.87 USD

2025-08-17 * "Chichipotle" "Eating out with Bill"
  Liabilities:US:Chase:Slate                       -26.69 USD
  Expenses:Food:Restaurant                          26.69 USD

2025-08-18 * "Good Moods Market" "Buying groceries"
  Liabilities:US:Chase:Slate                       -74.79 USD
  Expenses:Food:Groceries                           74.79 USD

2025-08-20 * "Metro Transport Authority" "Tram tickets"
  Liabilities:US:Chase:Slate                      -120.00 USD
  Expenses:Transport:Tram                          120.00 USD

2025-08-22 * "China Garden" "Eating out with Joe"
  Liabilities:US:Chase:Slate                       -28.40 USD
  Expenses:Food:Restaurant                          28.40 USD

2025-08-23 * "Cafe Modagor" "Eating out with Bill"
  Liabilities:US:Chase:Slate                       -20.57 USD
  Expenses:Food:Restaurant                          20.57 USD

2025-08-25 * "Onion Market" "Buying groceries"
  Liabilities:US:Chase:Slate                       -75.14 USD
  Expenses:Food:Groceries                           75.14 USD

2025-08-26 * "Rose Flower" "Eating out with Julie"
  Liabilities:US:Chase:Slate                       -38.98 USD
  Expenses:Food:Restaurant                          38.98 USD

2025-08-28 * "Jewel of Morroco" "Eating out with Joe"
  Liabilities:US:Chase:Slate                       -20.07 USD
  Expenses:Food:Restaurant                          20.07 USD

2025-08-29 balance Liabilities:US:Chase:Slate    -1335.19 USD

2025-08-29 * "Goba Goba" "Eating out with Joe"
  Liabilities:US:Chase:Slate                       -25.49 USD
  Expenses:Food:Restaurant                          25.49 USD

2025-09-01 * "Chichipotle" "Eating out with Julie"
  Liabilities:US:Chase:Slate                       -22.26 USD
  Expenses:Food:Restaurant                          22.26 USD

2025-09-04 * "Jewel of Morroco" "Eating out after work"
  Liabilities:US:Chase:Slate                       -39.27 USD
  Expenses:Food:Restaurant                          39.27 USD

2025-09-05 * "Rose Flower" "Eating out with Joe"
  Liabilities:US:Chase:Slate                       -30.06 USD
  Expenses:Food:Restaurant                          30.06 USD

2025-09-09 * "Chase:Slate" "Paying off credit card"
  Liabilities:US:Chase:Slate                       646.30 USD
  Assets:US:BofA:Checking                         -646.30 USD

2025-09-10 * "Cafe Modagor" "Eating out with work buddies"
  Liabilities:US:Chase:Slate                       -36.67 USD
  Expenses:Food:Restaurant                          36.67 USD

2025-09-10 * "Onion Market" "Buying groceries"
  Liabilities:US:Chase:Slate                       -75.88 USD
  Expenses:Food:Groceries                           75.88 USD

2025-09-11 * "Cafe Modagor" "Eating out with Bill"
  Liabilities:US:Chase:Slate                       -38.03 USD
  Expenses:Food:Restaurant                          38.03 USD

2025-09-16 * "Jewel of Morroco" "Eating out "
  Liabilities:US:Chase:Slate                       -40.13 USD
  Expenses:Food:Restaurant                          40.13 USD

2025-09-18 * "Metro Transport Authority" "Tram tickets"
  Liabilities:US:Chase:Slate                      -120.00 USD
  Expenses:Transport:Tram                          120.00 USD

2025-09-20 * "Goba Goba" "Eating out "
  Liabilities:US:Chase:Slate                       -19.37 USD
  Expenses:Food:Restaurant                          19.37 USD

2025-09-21 balance Liabilities:US:Chase:Slate    -1136.05 USD

2025-09-22 * "Jewel of Morroco" "Eating out after work"
  Liabilities:US:Chase:Slate                       -30.21 USD
  Expenses:Food:Restaurant                          30.21 USD

2025-09-25 * "Good Moods Market" "Buying groceries"
  Liabilities:US:Chase:Slate                      -104.03 USD
  Expenses:Food:Groceries                          104.03 USD

2025-09-27 * "Goba Goba" "Eating out with Bill"
  Liabilities:US:Chase:Slate                       -20.02 USD
  Expenses:Food:Restaurant                          20.02 USD

2025-09-29 * "China Garden" "Eating out with work buddies"
  Liabilities:US:Chase:Slate                       -21.08 USD
  Expenses:Food:Restaurant                          21.08 USD

2025-10-02 * "Farmer Fresh" "Buying groceries"
  Liabilities:US:Chase:Slate                       -90.60 USD
  Expenses:Food:Groceries                           90.60 USD

2025-10-03 * "Chichipotle" "Eating out alone"
  Liabilities:US:Chase:Slate                       -28.02 USD
  Expenses:Food:Restaurant                          28.02 USD

2025-10-06 * "Kin Soy" "Eating out "
  Liabilities:US:Chase:Slate                       -30.03 USD
  Expenses:Food:Restaurant                          30.03 USD

2025-10-08 * "Cafe Modagor" "Eating out with Natasha"
  Liabilities:US:Chase:Slate                       -19.35 USD
  Expenses:Food:Restaurant                          19.35 USD

2025-10-09 * "Chase:Slate" "Paying off credit card"
  Liabilities:US:Chase:Slate                       693.83 USD
  Assets:US:BofA:Checking                         -693.83 USD

2025-10-12 * "Rose Flower" "Eating out after work"
  Liabilities:US:Chase:Slate                       -57.08 USD
  Expenses:Food:Restaurant                          57.08 USD

2025-10-13 * "Kin Soy" "Eating out with Joe"
  Liabilities:US:Chase:Slate                       -16.60 USD
  Expenses:Food:Restaurant                          16.60 USD

2025-10-14 * "Cafe Modagor" "Eating out with Bill"
  Liabilities:US:Chase:Slate                        -9.03 USD
  Expenses:Food:Restaurant                           9.03 USD

2025-10-15 balance Liabilities:US:Chase:Slate     -868.27 USD

2025-10-16 * "Farmer Fresh" "Buying groceries"
  Liabilities:US:Chase:Slate                      -104.21 USD
  Expenses:Food:Groceries                          104.21 USD

2025-10-16 * "Metro Transport Authority" "Tram tickets"
  Liabilities:US:Chase:Slate                      -120.00 USD
  Expenses:Transport:Tram                          120.00 USD

2025-10-19 * "Jewel of Morroco" "Eating out with work buddies"
  Liabilities:US:Chase:Slate                       -66.47 USD
  Expenses:Food:Restaurant                          66.47 USD

2025-10-24 * "Rose Flower" "Eating out with Natasha"
  Liabilities:US:Chase:Slate                       -45.63 USD
  Expenses:Food:Restaurant                          45.63 USD

2025-10-28 * "Good Moods Market" "Buying groceries"
  Liabilities:US:Chase:Slate                      -106.68 USD
  Expenses:Food:Groceries                          106.68 USD

2025-10-29 * "China Garden" "Eating out with Julie"
  Liabilities:US:Chase:Slate                       -42.14 USD
  Expenses:Food:Restaurant                          42.14 USD

2025-10-31 * "Kin Soy" "Eating out with Julie"
  Liabilities:US:Chase:Slate                       -30.13 USD
  Expenses:Food:Restaurant                          30.13 USD

2025-11-03 * "Chichipotle" "Eating out with work buddies"
  Liabilities:US:Chase:Slate                       -20.57 USD
  Expenses:Food:Restaurant                          20.57 USD

2025-11-06 balance Liabilities:US:Chase:Slate    -1404.10 USD

2025-11-06 * "Jewel of Morroco" "Eating out with Bill"
  Liabilities:US:Chase:Slate                       -37.37 USD
  Expenses:Food:Restaurant                          37.37 USD

2025-11-07 * "Chase:Slate" "Paying off credit card"
  Liabilities:US:Chase:Slate                       617.23 USD
  Assets:US:BofA:Checking                         -617.23 USD

2025-11-09 * "Rose Flower" "Eating out with Joe"
  Liabilities:US:Chase:Slate                       -18.40 USD
  Expenses:Food:Restaurant                          18.40 USD

2025-11-12 * "Corner Deli" "Buying groceries"
  Liabilities:US:Chase:Slate                      -123.57 USD
  Expenses:Food:Groceries                          123.57 USD

2025-11-13 * "Kin Soy" "Eating out with work buddies"
  Liabilities:US:Chase:Slate                       -16.96 USD
  Expenses:Food:Restaurant                          16.96 USD

2025-11-13 * "Metro Transport Authority" "Tram tickets"
  Liabilities:US:Chase:Slate                      -120.00 USD
  Expenses:Transport:Tram                          120.00 USD

2025-11-16 * "Chichipotle" "Eating out after work"
  Liabilities:US:Chase:Slate                       -23.11 USD
  Expenses:Food:Restaurant                          23.11 USD

2025-11-18 * "Rose Flower" "Eating out with Natasha"
  Liabilities:US:Chase:Slate                       -28.73 USD
  Expenses:Food:Restaurant                          28.73 USD

2025-11-20 * "Rose Flower" "Eating out alone"
  Liabilities:US:Chase:Slate                       -32.11 USD
  Expenses:Food:Restaurant                          32.11 USD

2025-11-24 * "Kin Soy" "Eating out alone"
  Liabilities:US:Chase:Slate                       -57.76 USD
  Expenses:Food:Restaurant                          57.76 USD

2025-11-26 balance Liabilities:US:Chase:Slate    -1244.88 USD

2025-11-29 * "Rose Flower" "Eating out with Julie"
  Liabilities:US:Chase:Slate                       -21.12 USD
  Expenses:Food:Restaurant                          21.12 USD

2025-12-02 * "Corner Deli" "Buying groceries"
  Liabilities:US:Chase:Slate                       -90.42 USD
  Expenses:Food:Groceries                           90.42 USD

2025-12-03 * "Kin Soy" "Eating out with Julie"
  Liabilities:US:Chase:Slate                       -37.25 USD
  Expenses:Food:Restaurant                          37.25 USD

2025-12-06 * "China Garden" "Eating out "
  Liabilities:US:Chase:Slate                       -56.77 USD
  Expenses:Food:Restaurant                          56.77 USD

2025-12-08 * "Rose Flower" "Eating out with Natasha"
  Liabilities:US:Chase:Slate                       -32.66 USD
  Expenses:Food:Restaurant                          32.66 USD

2025-12-08 * "Chase:Slate" "Paying off credit card"
  Liabilities:US:Chase:Slate                       640.46 USD
  Assets:US:BofA:Checking                         -640.46 USD

2025-12-11 * "Jewel of Morroco" "Eating out with Bill"
  Liabilities:US:Chase:Slate                       -39.28 USD
  Expenses:Food:Restaurant                          39.28 USD

2025-12-12 * "Metro Transport Authority" "Tram tickets"
  Liabilities:US:Chase:Slate                      -120.00 USD
  Expenses:Transport:Tram                          120.00 USD

2025-12-15 * "Jewel of Morroco" "Eating out with work buddies"
  Liabilities:US:Chase:Slate                       -33.23 USD
  Expenses:Food:Restaurant                          33.23 USD

2025-12-19 * "Goba Goba" "Eating out with Julie"
  Liabilities:US:Chase:Slate                       -29.51 USD
  Expenses:Food:Restaurant                          29.51 USD

2025-12-19 * "Good Moods Market" "Buying groceries"
  Liabilities:US:Chase:Slate                       -63.28 USD
  Expenses:Food:Groceries                           63.28 USD

2025-12-20 * "Uncle Boons" "Eating out "
  Liabilities:US:Chase:Slate                       -13.41 USD
  Expenses:Food:Restaurant                          13.41 USD

2025-12-22 balance Liabilities:US:Chase:Slate    -1141.35 USD

2025-12-24 * "Goba Goba" "Eating out after work"
  Liabilities:US:Chase:Slate                       -30.92 USD
  Expenses:Food:Restaurant                          30.92 USD

2025-12-25 * "Cafe Modagor" "Eating out after work"
  Liabilities:US:Chase:Slate                       -31.24 USD
  Expenses:Food:Restaurant                          31.24 USD

2025-12-27 * "Jewel of Morroco" "Eating out after work"
  Liabilities:US:Chase:Slate                       -31.16 USD
  Expenses:Food:Restaurant                          31.16 USD

2025-12-29 * "Jewel of Morroco" "Eating out alone"
  Liabilities:US:Chase:Slate                       -43.86 USD
  Expenses:Food:Restaurant                          43.86 USD

2026-01-02 * "Kin Soy" "Eating out with Natasha"
  Liabilities:US:Chase:Slate                       -24.96 USD
  Expenses:Food:Restaurant                          24.96 USD

2026-01-02 * "Farmer Fresh" "Buying groceries"
  Liabilities:US:Chase:Slate                       -62.76 USD
  Expenses:Food:Groceries                           62.76 USD

2026-01-03 * "Chichipotle" "Eating out after work"
  Liabilities:US:Chase:Slate                       -19.61 USD
  Expenses:Food:Restaurant                          19.61 USD

2026-01-04 * "Rose Flower" "Eating out alone"
  Liabilities:US:Chase:Slate                       -67.15 USD
  Expenses:Food:Restaurant                          67.15 USD

2026-01-05 * "Rose Flower" "Eating out with work buddies"
  Liabilities:US:Chase:Slate                       -49.34 USD
  Expenses:Food:Restaurant                          49.34 USD

2026-01-08 * "Metro Transport Authority" "Tram tickets"
  Liabilities:US:Chase:Slate                      -120.00 USD
  Expenses:Transport:Tram                          120.00 USD

2026-01-09 * "Chase:Slate" "Paying off credit card"
  Liabilities:US:Chase:Slate                       800.71 USD
  Assets:US:BofA:Checking                         -800.71 USD

2026-01-10 * "Jewel of Morroco" "Eating out with work buddies"
  Liabilities:US:Chase:Slate                       -21.00 USD
  Expenses:Food:Restaurant                          21.00 USD

2026-01-12 * "Rose Flower" "Eating out with Joe"
  Liabilities:US:Chase:Slate                       -39.11 USD
  Expenses:Food:Restaurant                          39.11 USD

2026-01-13 balance Liabilities:US:Chase:Slate     -881.75 USD

2026-01-17 * "Chichipotle" "Eating out with Joe"
  Liabilities:US:Chase:Slate                       -20.76 USD
  Expenses:Food:Restaurant                          20.76 USD

2026-01-21 * "Rose Flower" "Eating out alone"
  Liabilities:US:Chase:Slate                       -24.78 USD
  Expenses:Food:Restaurant                          24.78 USD

2026-01-21 * "Farmer Fresh" "Buying groceries"
  Liabilities:US:Chase:Slate                       -78.57 USD
  Expenses:Food:Groceries                           78.57 USD

2026-01-24 * "China Garden" "Eating out with Bill"
  Liabilities:US:Chase:Slate                       -35.13 USD
  Expenses:Food:Restaurant                          35.13 USD

2026-01-25 * "Goba Goba" "Eating out with Natasha"
  Liabilities:US:Chase:Slate                       -37.61 USD
  Expenses:Food:Restaurant                          37.61 USD

2026-01-26 * "Rose Flower" "Eating out after work"
  Liabilities:US:Chase:Slate                       -34.85 USD
  Expenses:Food:Restaurant                          34.85 USD

2026-01-30 * "Kin Soy" "Eating out with Natasha"
  Liabilities:US:Chase:Slate                       -15.87 USD
  Expenses:Food:Restaurant                          15.87 USD

2026-02-02 * "Jewel of Morroco" "Eating out alone"
  Liabilities:US:Chase:Slate                       -15.06 USD
  Expenses:Food:Restaurant                          15.06 USD

2026-02-03 balance Liabilities:US:Chase:Slate    -1144.38 USD

2026-02-06 * "Rose Flower" "Eating out with Bill"
  Liabilities:US:Chase:Slate                       -26.08 USD
  Expenses:Food:Restaurant                          26.08 USD

2026-02-06 * "Onion Market" "Buying groceries"
  Liabilities:US:Chase:Slate                       -85.25 USD
  Expenses:Food:Groceries                           85.25 USD

2026-02-08 * "Metro Transport Authority" "Tram tickets"
  Liabilities:US:Chase:Slate                      -120.00 USD
  Expenses:Transport:Tram                          120.00 USD

2026-02-11 * "Jewel of Morroco" "Eating out alone"
  Liabilities:US:Chase:Slate                       -29.44 USD
  Expenses:Food:Restaurant                          29.44 USD

2026-02-12 * "Chichipotle" "Eating out with Joe"
  Liabilities:US:Chase:Slate                       -25.81 USD
  Expenses:Food:Restaurant                          25.81 USD

2026-02-17 * "Rose Flower" "Eating out after work"
  Liabilities:US:Chase:Slate                       -13.87 USD
  Expenses:Food:Restaurant                          13.87 USD

2026-02-19 * "Kin Soy" "Eating out with Bill"
  Liabilities:US:Chase:Slate                       -41.61 USD
  Expenses:Food:Restaurant                          41.61 USD

2026-02-22 * "Uncle Boons" "Eating out with Joe"
  Liabilities:US:Chase:Slate                       -22.18 USD
  Expenses:Food:Restaurant                          22.18 USD



* Taxable Investments

2024-01-01 open Assets:US:ETrade:Cash                       USD
2024-01-01 open Assets:US:ETrade:ITOT                       ITOT
2024-01-01 open Assets:US:ETrade:VEA                       VEA
2024-01-01 open Assets:US:ETrade:VHT                       VHT
2024-01-01 open Assets:US:ETrade:GLD                       GLD
2024-01-01 open Income:US:ETrade:PnL                        USD
2024-01-01 open Income:US:ETrade:ITOT:Dividend              USD
2024-01-01 open Income:US:ETrade:VEA:Dividend              USD
2024-01-01 open Income:US:ETrade:VHT:Dividend              USD
2024-01-01 open Income:US:ETrade:GLD:Dividend              USD

2024-09-17 * "Dividends on portfolio"
  Assets:US:ETrade:Cash                              0.00 USD
  Income:US:ETrade:VEA:Dividend                      0.00 USD

2024-10-04 * "Buy shares of GLD"
  Assets:US:ETrade:Cash                          -1616.79 USD
  Assets:US:ETrade:GLD                                 16 GLD {100.49 USD, 2024-10-04}
  Expenses:Financial:Commissions                     8.95 USD

2024-10-04 * "Buy shares of VHT"
  Assets:US:ETrade:Cash                          -1683.35 USD
  Assets:US:ETrade:VHT                                 23 VHT {72.80 USD, 2024-10-04}
  Expenses:Financial:Commissions                     8.95 USD

2024-11-17 * "Buy shares of VEA"
  Assets:US:ETrade:Cash                          -4481.32 USD
  Assets:US:ETrade:VEA                                 31 VEA {144.27 USD, 2024-11-17}
  Expenses:Financial:Commissions                     8.95 USD

2024-12-02 * "Sell shares of VEA"
  Assets:US:ETrade:VEA                                -31 VEA {144.27 USD, 2024-11-17} @ 146.55 USD
  Assets:US:ETrade:Cash                           4534.10 USD
  Expenses:Financial:Commissions                     8.95 USD
  Income:US:ETrade:PnL                             -70.68 USD

2024-12-13 * "Buy shares of VHT"
  Assets:US:ETrade:Cash                          -1451.43 USD
  Assets:US:ETrade:VHT                                 19 VHT {75.92 USD, 2024-12-13}
  Expenses:Financial:Commissions                     8.95 USD

2024-12-13 * "Buy shares of GLD"
  Assets:US:ETrade:Cash                          -1448.71 USD
  Assets:US:ETrade:GLD                                 14 GLD {102.84 USD, 2024-12-13}
  Expenses:Financial:Commissions                     8.95 USD

2024-12-13 * "Buy shares of ITOT"
  Assets:US:ETrade:Cash                          -1449.67 USD
  Assets:US:ETrade:ITOT                                 9 ITOT {160.08 USD, 2024-12-13}
  Expenses:Financial:Commissions                     8.95 USD

2024-12-17 * "Dividends on portfolio"
  Assets:US:ETrade:Cash                             48.31 USD
  Income:US:ETrade:VEA:Dividend                    -48.31 USD

2025-01-17 * "Sell shares of ITOT"
  Assets:US:ETrade:ITOT                                -9 ITOT {160.08 USD, 2024-12-13} @ 158.98 USD
  Assets:US:ETrade:Cash                           1421.87 USD
  Expenses:Financial:Commissions                     8.95 USD
  Income:US:ETrade:PnL                               9.90 USD

2025-01-28 * "Sell shares of GLD"
  Assets:US:ETrade:GLD                                -14 GLD {102.84 USD, 2024-12-13} @ 105.09 USD
  Assets:US:ETrade:Cash                           1462.31 USD
  Expenses:Financial:Commissions                     8.95 USD
  Income:US:ETrade:PnL                             -31.50 USD

2025-02-28 * "Buy shares of VHT"
  Assets:US:ETrade:Cash                           -764.05 USD
  Assets:US:ETrade:VHT                                 10 VHT {75.51 USD, 2025-02-28}
  Expenses:Financial:Commissions                     8.95 USD

2025-02-28 * "Buy shares of ITOT"
  Assets:US:ETrade:Cash                           -797.25 USD
  Assets:US:ETrade:ITOT                                 5 ITOT {157.66 USD, 2025-02-28}
  Expenses:Financial:Commissions                     8.95 USD

2025-02-28 * "Buy shares of GLD"
  Assets:US:ETrade:Cash                           -745.70 USD
  Assets:US:ETrade:GLD                                  7 GLD {105.25 USD, 2025-02-28}
  Expenses:Financial:Commissions                     8.95 USD

2025-02-28 * "Buy shares of VEA"
  Assets:US:ETrade:Cash                           -677.90 USD
  Assets:US:ETrade:VEA                                  5 VEA {133.79 USD, 2025-02-28}
  Expenses:Financial:Commissions                     8.95 USD

2025-03-18 * "Dividends on portfolio"
  Assets:US:ETrade:Cash                             60.11 USD
  Income:US:ETrade:VHT:Dividend                    -60.11 USD

2025-03-21 * "Sell shares of VEA"
  Assets:US:ETrade:VEA                                 -5 VEA {133.79 USD, 2025-02-28} @ 125.81 USD
  Assets:US:ETrade:Cash                            620.10 USD
  Expenses:Financial:Commissions                     8.95 USD
  Income:US:ETrade:PnL                              39.90 USD

2025-06-18 * "Dividends on portfolio"
  Assets:US:ETrade:Cash                             60.11 USD
  Income:US:ETrade:VHT:Dividend                    -60.11 USD

2025-09-18 * "Dividends on portfolio"
  Assets:US:ETrade:Cash                             60.11 USD
  Income:US:ETrade:GLD:Dividend                    -60.11 USD

2025-10-08 * "Buy shares of VEA"
  Assets:US:ETrade:Cash                          -1364.65 USD
  Assets:US:ETrade:VEA                                 10 VEA {135.57 USD, 2025-10-08}
  Expenses:Financial:Commissions                     8.95 USD

2025-10-08 * "Buy shares of GLD"
  Assets:US:ETrade:Cash                          -1328.71 USD
  Assets:US:ETrade:GLD                                 13 GLD {101.52 USD, 2025-10-08}
  Expenses:Financial:Commissions                     8.95 USD

2025-10-08 * "Buy shares of VHT"
  Assets:US:ETrade:Cash                          -1344.79 USD
  Assets:US:ETrade:VHT                                 16 VHT {83.49 USD, 2025-10-08}
  Expenses:Financial:Commissions                     8.95 USD

2025-10-08 * "Buy shares of ITOT"
  Assets:US:ETrade:Cash                          -1296.63 USD
  Assets:US:ETrade:ITOT                                 8 ITOT {160.96 USD, 2025-10-08}
  Expenses:Financial:Commissions                     8.95 USD

2025-11-01 * "Sell shares of VHT"
  Assets:US:ETrade:VHT                                -23 VHT {72.80 USD, 2024-10-04} @ 82.11 USD
  Assets:US:ETrade:Cash                           1879.58 USD
  Expenses:Financial:Commissions                     8.95 USD
  Income:US:ETrade:PnL                            -214.13 USD

2025-11-29 * "Buy shares of VHT"
  Assets:US:ETrade:Cash                          -3163.71 USD
  Assets:US:ETrade:VHT                                 38 VHT {83.02 USD, 2025-11-29}
  Expenses:Financial:Commissions                     8.95 USD

2025-11-29 * "Buy shares of GLD"
  Assets:US:ETrade:Cash                          -3158.86 USD
  Assets:US:ETrade:GLD                                 31 GLD {101.61 USD, 2025-11-29}
  Expenses:Financial:Commissions                     8.95 USD

2025-12-17 * "Dividends on portfolio"
  Assets:US:ETrade:Cash                            106.52 USD
  Income:US:ETrade:VEA:Dividend                   -106.52 USD

2026-01-22 * "Sell shares of GLD"
  Assets:US:ETrade:GLD                                -31 GLD {101.61 USD, 2025-11-29} @ 96.39 USD
  Assets:US:ETrade:Cash                           2979.14 USD
  Expenses:Financial:Commissions                     8.95 USD
  Income:US:ETrade:PnL                             161.82 USD



* Vanguard Investments

2024-01-01 open Assets:US:Vanguard:VBMPX                     VBMPX
  number: "882882"
2024-01-01 open Assets:US:Vanguard:RGAGX                     RGAGX
  number: "882882"
2024-01-01 open Assets:US:Vanguard                            USD
  institution: "Vanguard Group"
  address: "P.O. Box 1110, Valley Forge, PA 19482-1110"
  phone: "+1.800.523.1188"
2024-01-01 open Income:US:Hooli:Match401k                   USD
2024-01-01 open Assets:US:Vanguard:Cash                       USD
  number: "882882"

2024-01-05 * "Employer match for contribution"
  Assets:US:Vanguard:Cash                          600.00 USD
  Income:US:Hooli:Match401k                       -600.00 USD

2024-01-08 * "Investing 40% of cash in VBMPX"
  Assets:US:Vanguard:VBMPX                          3.711 VBMPX {129.35 USD, 2024-01-08}
  Assets:US:Vanguard:Cash                         -480.02 USD

2024-01-08 * "Investing 60% of cash in RGAGX"
  Assets:US:Vanguard:RGAGX                          7.475 RGAGX {96.32 USD, 2024-01-08}
  Assets:US:Vanguard:Cash                         -719.99 USD

2024-01-08 * "Investing 40% of cash in VBMPX"
  Assets:US:Vanguard:VBMPX                          1.855 VBMPX {129.35 USD, 2024-01-08}
  Assets:US:Vanguard:Cash                         -239.94 USD

2024-01-08 * "Investing 60% of cash in RGAGX"
  Assets:US:Vanguard:RGAGX                          3.737 RGAGX {96.32 USD, 2024-01-08}
  Assets:US:Vanguard:Cash                         -359.95 USD

2024-01-19 * "Employer match for contribution"
  Assets:US:Vanguard:Cash                          600.00 USD
  Income:US:Hooli:Match401k                       -600.00 USD

2024-01-22 * "Investing 40% of cash in VBMPX"
  Assets:US:Vanguard:VBMPX                          3.669 VBMPX {130.85 USD, 2024-01-22}
  Assets:US:Vanguard:Cash                         -480.09 USD

2024-01-22 * "Investing 60% of cash in RGAGX"
  Assets:US:Vanguard:RGAGX                          7.584 RGAGX {94.95 USD, 2024-01-22}
  Assets:US:Vanguard:Cash                         -720.10 USD

2024-01-22 * "Investing 40% of cash in VBMPX"
  Assets:US:Vanguard:VBMPX                          1.834 VBMPX {130.85 USD, 2024-01-22}
  Assets:US:Vanguard:Cash                         -239.98 USD

2024-01-22 * "Investing 60% of cash in RGAGX"
  Assets:US:Vanguard:RGAGX                          3.791 RGAGX {94.95 USD, 2024-01-22}
  Assets:US:Vanguard:Cash                         -359.96 USD

2024-02-02 * "Employer match for contribution"
  Assets:US:Vanguard:Cash                          600.00 USD
  Income:US:Hooli:Match401k                       -600.00 USD

2024-02-05 * "Investing 40% of cash in VBMPX"
  Assets:US:Vanguard:VBMPX                          3.572 VBMPX {134.38 USD, 2024-02-05}
  Assets:US:Vanguard:Cash                         -480.01 USD

2024-02-05 * "Investing 60% of cash in RGAGX"
  Assets:US:Vanguard:RGAGX                          7.482 RGAGX {96.23 USD, 2024-02-05}
  Assets:US:Vanguard:Cash                         -719.99 USD

2024-02-05 * "Investing 40% of cash in VBMPX"
  Assets:US:Vanguard:VBMPX                          1.786 VBMPX {134.38 USD, 2024-02-05}
  Assets:US:Vanguard:Cash                         -240.00 USD

2024-02-05 * "Investing 60% of cash in RGAGX"
  Assets:US:Vanguard:RGAGX                          3.741 RGAGX {96.23 USD, 2024-02-05}
  Assets:US:Vanguard:Cash                         -360.00 USD

2024-02-16 * "Employer match for contribution"
  Assets:US:Vanguard:Cash                          600.00 USD
  Income:US:Hooli:Match401k                       -600.00 USD

2024-02-19 * "Investing 40% of cash in VBMPX"
  Assets:US:Vanguard:VBMPX                          3.616 VBMPX {132.73 USD, 2024-02-19}
  Assets:US:Vanguard:Cash                         -479.95 USD

2024-02-19 * "Investing 60% of cash in RGAGX"
  Assets:US:Vanguard:RGAGX                          7.567 RGAGX {95.15 USD, 2024-02-19}
  Assets:US:Vanguard:Cash                         -720.00 USD

2024-02-19 * "Investing 40% of cash in VBMPX"
  Assets:US:Vanguard:VBMPX                          1.808 VBMPX {132.73 USD, 2024-02-19}
  Assets:US:Vanguard:Cash                         -239.98 USD

2024-02-19 * "Investing 60% of cash in RGAGX"
  Assets:US:Vanguard:RGAGX                          3.784 RGAGX {95.15 USD, 2024-02-19}
  Assets:US:Vanguard:Cash                         -360.05 USD

2024-03-01 * "Employer match for contribution"
  Assets:US:Vanguard:Cash                          600.00 USD
  Income:US:Hooli:Match401k                       -600.00 USD

2024-03-04 * "Investing 40% of cash in VBMPX"
  Assets:US:Vanguard:VBMPX                          3.646 VBMPX {131.65 USD, 2024-03-04}
  Assets:US:Vanguard:Cash                         -480.00 USD

2024-03-04 * "Investing 60% of cash in RGAGX"
  Assets:US:Vanguard:RGAGX                          7.667 RGAGX {93.91 USD, 2024-03-04}
  Assets:US:Vanguard:Cash                         -720.01 USD

2024-03-04 * "Investing 40% of cash in VBMPX"
  Assets:US:Vanguard:VBMPX                          1.823 VBMPX {131.65 USD, 2024-03-04}
  Assets:US:Vanguard:Cash                         -240.00 USD

2024-03-04 * "Investing 60% of cash in RGAGX"
  Assets:US:Vanguard:RGAGX                          3.833 RGAGX {93.91 USD, 2024-03-04}
  Assets:US:Vanguard:Cash                         -359.96 USD

2024-03-15 * "Employer match for contribution"
  Assets:US:Vanguard:Cash                          600.00 USD
  Income:US:Hooli:Match401k                       -600.00 USD

2024-03-18 * "Investing 40% of cash in VBMPX"
  Assets:US:Vanguard:VBMPX                          3.620 VBMPX {132.59 USD, 2024-03-18}
  Assets:US:Vanguard:Cash                         -479.98 USD

2024-03-18 * "Investing 60% of cash in RGAGX"
  Assets:US:Vanguard:RGAGX                          7.843 RGAGX {91.80 USD, 2024-03-18}
  Assets:US:Vanguard:Cash                         -719.99 USD

2024-03-18 * "Investing 40% of cash in VBMPX"
  Assets:US:Vanguard:VBMPX                          1.810 VBMPX {132.59 USD, 2024-03-18}
  Assets:US:Vanguard:Cash                         -239.99 USD

2024-03-18 * "Investing 60% of cash in RGAGX"
  Assets:US:Vanguard:RGAGX                          3.922 RGAGX {91.80 USD, 2024-03-18}
  Assets:US:Vanguard:Cash                         -360.04 USD

2024-03-29 * "Employer match for contribution"
  Assets:US:Vanguard:Cash                          600.00 USD
  Income:US:Hooli:Match401k                       -600.00 USD

2024-04-01 * "Investing 40% of cash in VBMPX"
  Assets:US:Vanguard:VBMPX                          3.587 VBMPX {133.82 USD, 2024-04-01}
  Assets:US:Vanguard:Cash                         -480.01 USD

2024-04-01 * "Investing 60% of cash in RGAGX"
  Assets:US:Vanguard:RGAGX                          7.688 RGAGX {93.66 USD, 2024-04-01}
  Assets:US:Vanguard:Cash                         -720.06 USD

2024-04-01 * "Investing 40% of cash in VBMPX"
  Assets:US:Vanguard:VBMPX                          1.793 VBMPX {133.82 USD, 2024-04-01}
  Assets:US:Vanguard:Cash                         -239.94 USD

2024-04-01 * "Investing 60% of cash in RGAGX"
  Assets:US:Vanguard:RGAGX                          3.843 RGAGX {93.66 USD, 2024-04-01}
  Assets:US:Vanguard:Cash                         -359.94 USD

2024-04-12 * "Employer match for contribution"
  Assets:US:Vanguard:Cash                          600.00 USD
  Income:US:Hooli:Match401k                       -600.00 USD

2024-04-15 * "Investing 40% of cash in VBMPX"
  Assets:US:Vanguard:VBMPX                          3.540 VBMPX {135.62 USD, 2024-04-15}
  Assets:US:Vanguard:Cash                         -480.09 USD

2024-04-15 * "Investing 60% of cash in RGAGX"
  Assets:US:Vanguard:RGAGX                          7.468 RGAGX {96.42 USD, 2024-04-15}
  Assets:US:Vanguard:Cash                         -720.06 USD

2024-04-15 * "Investing 40% of cash in VBMPX"
  Assets:US:Vanguard:VBMPX                          1.769 VBMPX {135.62 USD, 2024-04-15}
  Assets:US:Vanguard:Cash                         -239.91 USD

2024-04-15 * "Investing 60% of cash in RGAGX"
  Assets:US:Vanguard:RGAGX                          3.733 RGAGX {96.42 USD, 2024-04-15}
  Assets:US:Vanguard:Cash                         -359.94 USD

2024-04-26 * "Employer match for contribution"
  Assets:US:Vanguard:Cash                          600.00 USD
  Income:US:Hooli:Match401k                       -600.00 USD

2024-04-29 * "Investing 40% of cash in VBMPX"
  Assets:US:Vanguard:VBMPX                          3.539 VBMPX {135.65 USD, 2024-04-29}
  Assets:US:Vanguard:Cash                         -480.07 USD

2024-04-29 * "Investing 60% of cash in RGAGX"
  Assets:US:Vanguard:RGAGX                          7.778 RGAGX {92.57 USD, 2024-04-29}
  Assets:US:Vanguard:Cash                         -720.01 USD

2024-04-29 * "Investing 40% of cash in VBMPX"
  Assets:US:Vanguard:VBMPX                          1.769 VBMPX {135.65 USD, 2024-04-29}
  Assets:US:Vanguard:Cash                         -239.96 USD

2024-04-29 * "Investing 60% of cash in RGAGX"
  Assets:US:Vanguard:RGAGX                          3.889 RGAGX {92.57 USD, 2024-04-29}
  Assets:US:Vanguard:Cash                         -360.00 USD

2024-05-10 * "Employer match for contribution"
  Assets:US:Vanguard:Cash                          600.00 USD
  Income:US:Hooli:Match401k                       -600.00 USD

2024-05-13 * "Investing 40% of cash in VBMPX"
  Assets:US:Vanguard:VBMPX                          3.482 VBMPX {137.85 USD, 2024-05-13}
  Assets:US:Vanguard:Cash                         -479.99 USD

2024-05-13 * "Investing 60% of cash in RGAGX"
  Assets:US:Vanguard:RGAGX                          7.735 RGAGX {93.08 USD, 2024-05-13}
  Assets:US:Vanguard:Cash                         -719.97 USD

2024-05-13 * "Investing 40% of cash in VBMPX"
  Assets:US:Vanguard:VBMPX                          1.741 VBMPX {137.85 USD, 2024-05-13}
  Assets:US:Vanguard:Cash                         -240.00 USD

2024-05-13 * "Investing 60% of cash in RGAGX"
  Assets:US:Vanguard:RGAGX                          3.868 RGAGX {93.08 USD, 2024-05-13}
  Assets:US:Vanguard:Cash                         -360.03 USD

2024-05-24 * "Employer match for contribution"
  Assets:US:Vanguard:Cash                          600.00 USD
  Income:US:Hooli:Match401k                       -600.00 USD

2024-05-27 * "Investing 40% of cash in VBMPX"
  Assets:US:Vanguard:VBMPX                          3.449 VBMPX {139.18 USD, 2024-05-27}
  Assets:US:Vanguard:Cash                         -480.03 USD

2024-05-27 * "Investing 60% of cash in RGAGX"
  Assets:US:Vanguard:RGAGX                          7.530 RGAGX {95.62 USD, 2024-05-27}
  Assets:US:Vanguard:Cash                         -720.02 USD

2024-05-27 * "Investing 40% of cash in VBMPX"
  Assets:US:Vanguard:VBMPX                          1.724 VBMPX {139.18 USD, 2024-05-27}
  Assets:US:Vanguard:Cash                         -239.95 USD

2024-05-27 * "Investing 60% of cash in RGAGX"
  Assets:US:Vanguard:RGAGX                          3.765 RGAGX {95.62 USD, 2024-05-27}
  Assets:US:Vanguard:Cash                         -360.01 USD

2024-06-07 * "Employer match for contribution"
  Assets:US:Vanguard:Cash                          600.00 USD
  Income:US:Hooli:Match401k                       -600.00 USD

2024-06-10 * "Investing 40% of cash in VBMPX"
  Assets:US:Vanguard:VBMPX                          3.531 VBMPX {135.94 USD, 2024-06-10}
  Assets:US:Vanguard:Cash                         -480.00 USD

2024-06-10 * "Investing 60% of cash in RGAGX"
  Assets:US:Vanguard:RGAGX                          7.544 RGAGX {95.44 USD, 2024-06-10}
  Assets:US:Vanguard:Cash                         -720.00 USD

2024-06-10 * "Investing 40% of cash in VBMPX"
  Assets:US:Vanguard:VBMPX                          1.766 VBMPX {135.94 USD, 2024-06-10}
  Assets:US:Vanguard:Cash                         -240.07 USD

2024-06-10 * "Investing 60% of cash in RGAGX"
  Assets:US:Vanguard:RGAGX                          3.772 RGAGX {95.44 USD, 2024-06-10}
  Assets:US:Vanguard:Cash                         -360.00 USD

2024-06-21 * "Employer match for contribution"
  Assets:US:Vanguard:Cash                          600.00 USD
  Income:US:Hooli:Match401k                       -600.00 USD

2024-06-24 * "Investing 40% of cash in VBMPX"
  Assets:US:Vanguard:VBMPX                          3.506 VBMPX {136.90 USD, 2024-06-24}
  Assets:US:Vanguard:Cash                         -479.97 USD

2024-06-24 * "Investing 60% of cash in RGAGX"
  Assets:US:Vanguard:RGAGX                          7.509 RGAGX {95.88 USD, 2024-06-24}
  Assets:US:Vanguard:Cash                         -719.96 USD

2024-06-24 * "Investing 40% of cash in VBMPX"
  Assets:US:Vanguard:VBMPX                          1.753 VBMPX {136.90 USD, 2024-06-24}
  Assets:US:Vanguard:Cash                         -239.99 USD

2024-06-24 * "Investing 60% of cash in RGAGX"
  Assets:US:Vanguard:RGAGX                          3.755 RGAGX {95.88 USD, 2024-06-24}
  Assets:US:Vanguard:Cash                         -360.03 USD

2024-07-05 * "Employer match for contribution"
  Assets:US:Vanguard:Cash                          600.00 USD
  Income:US:Hooli:Match401k                       -600.00 USD

2024-07-08 * "Investing 40% of cash in VBMPX"
  Assets:US:Vanguard:VBMPX                          3.617 VBMPX {132.70 USD, 2024-07-08}
  Assets:US:Vanguard:Cash                         -479.98 USD

2024-07-08 * "Investing 60% of cash in RGAGX"
  Assets:US:Vanguard:RGAGX                          7.767 RGAGX {92.70 USD, 2024-07-08}
  Assets:US:Vanguard:Cash                         -720.00 USD

2024-07-08 * "Investing 40% of cash in VBMPX"
  Assets:US:Vanguard:VBMPX                          1.809 VBMPX {132.70 USD, 2024-07-08}
  Assets:US:Vanguard:Cash                         -240.05 USD

2024-07-08 * "Investing 60% of cash in RGAGX"
  Assets:US:Vanguard:RGAGX                          3.884 RGAGX {92.70 USD, 2024-07-08}
  Assets:US:Vanguard:Cash                         -360.05 USD

2024-07-19 * "Employer match for contribution"
  Assets:US:Vanguard:Cash                          600.00 USD
  Income:US:Hooli:Match401k                       -600.00 USD

2024-07-22 * "Investing 40% of cash in VBMPX"
  Assets:US:Vanguard:VBMPX                          3.511 VBMPX {136.70 USD, 2024-07-22}
  Assets:US:Vanguard:Cash                         -479.95 USD

2024-07-22 * "Investing 60% of cash in RGAGX"
  Assets:US:Vanguard:RGAGX                          7.785 RGAGX {92.48 USD, 2024-07-22}
  Assets:US:Vanguard:Cash                         -719.96 USD

2024-07-22 * "Investing 40% of cash in VBMPX"
  Assets:US:Vanguard:VBMPX                          1.756 VBMPX {136.70 USD, 2024-07-22}
  Assets:US:Vanguard:Cash                         -240.05 USD

2024-07-22 * "Investing 60% of cash in RGAGX"
  Assets:US:Vanguard:RGAGX                          3.893 RGAGX {92.48 USD, 2024-07-22}
  Assets:US:Vanguard:Cash                         -360.02 USD

2024-08-02 * "Employer match for contribution"
  Assets:US:Vanguard:Cash                          250.00 USD
  Income:US:Hooli:Match401k                       -250.00 USD

2024-08-05 * "Investing 40% of cash in VBMPX"
  Assets:US:Vanguard:VBMPX                          1.432 VBMPX {139.66 USD, 2024-08-05}
  Assets:US:Vanguard:Cash                         -199.99 USD

2024-08-05 * "Investing 60% of cash in RGAGX"
  Assets:US:Vanguard:RGAGX                          3.219 RGAGX {93.20 USD, 2024-08-05}
  Assets:US:Vanguard:Cash                         -300.01 USD

2024-08-05 * "Investing 40% of cash in VBMPX"
  Assets:US:Vanguard:VBMPX                          0.716 VBMPX {139.66 USD, 2024-08-05}
  Assets:US:Vanguard:Cash                         -100.00 USD

2024-08-05 * "Investing 60% of cash in RGAGX"
  Assets:US:Vanguard:RGAGX                          1.609 RGAGX {93.20 USD, 2024-08-05}
  Assets:US:Vanguard:Cash                         -149.96 USD

2025-01-03 * "Employer match for contribution"
  Assets:US:Vanguard:Cash                          600.00 USD
  Income:US:Hooli:Match401k                       -600.00 USD

2025-01-06 * "Investing 40% of cash in VBMPX"
  Assets:US:Vanguard:VBMPX                          3.834 VBMPX {125.21 USD, 2025-01-06}
  Assets:US:Vanguard:Cash                         -480.06 USD

2025-01-06 * "Investing 60% of cash in RGAGX"
  Assets:US:Vanguard:RGAGX                          8.334 RGAGX {86.39 USD, 2025-01-06}
  Assets:US:Vanguard:Cash                         -719.97 USD

2025-01-06 * "Investing 40% of cash in VBMPX"
  Assets:US:Vanguard:VBMPX                          1.917 VBMPX {125.21 USD, 2025-01-06}
  Assets:US:Vanguard:Cash                         -240.03 USD

2025-01-06 * "Investing 60% of cash in RGAGX"
  Assets:US:Vanguard:RGAGX                          4.167 RGAGX {86.39 USD, 2025-01-06}
  Assets:US:Vanguard:Cash                         -359.99 USD

2025-01-17 * "Employer match for contribution"
  Assets:US:Vanguard:Cash                          600.00 USD
  Income:US:Hooli:Match401k                       -600.00 USD

2025-01-20 * "Investing 40% of cash in VBMPX"
  Assets:US:Vanguard:VBMPX                          4.046 VBMPX {118.63 USD, 2025-01-20}
  Assets:US:Vanguard:Cash                         -479.98 USD

2025-01-20 * "Investing 60% of cash in RGAGX"
  Assets:US:Vanguard:RGAGX                          8.349 RGAGX {86.23 USD, 2025-01-20}
  Assets:US:Vanguard:Cash                         -719.93 USD

2025-01-20 * "Investing 40% of cash in VBMPX"
  Assets:US:Vanguard:VBMPX                          2.023 VBMPX {118.63 USD, 2025-01-20}
  Assets:US:Vanguard:Cash                         -239.99 USD

2025-01-20 * "Investing 60% of cash in RGAGX"
  Assets:US:Vanguard:RGAGX                          4.175 RGAGX {86.23 USD, 2025-01-20}
  Assets:US:Vanguard:Cash                         -360.01 USD

2025-01-31 * "Employer match for contribution"
  Assets:US:Vanguard:Cash                          600.00 USD
  Income:US:Hooli:Match401k                       -600.00 USD

2025-02-03 * "Investing 40% of cash in VBMPX"
  Assets:US:Vanguard:VBMPX                          3.977 VBMPX {120.71 USD, 2025-02-03}
  Assets:US:Vanguard:Cash                         -480.06 USD

2025-02-03 * "Investing 60% of cash in RGAGX"
  Assets:US:Vanguard:RGAGX                          8.587 RGAGX {83.85 USD, 2025-02-03}
  Assets:US:Vanguard:Cash                         -720.02 USD

2025-02-03 * "Investing 40% of cash in VBMPX"
  Assets:US:Vanguard:VBMPX                          1.988 VBMPX {120.71 USD, 2025-02-03}
  Assets:US:Vanguard:Cash                         -239.97 USD

2025-02-03 * "Investing 60% of cash in RGAGX"
  Assets:US:Vanguard:RGAGX                          4.293 RGAGX {83.85 USD, 2025-02-03}
  Assets:US:Vanguard:Cash                         -359.97 USD

2025-02-14 * "Employer match for contribution"
  Assets:US:Vanguard:Cash                          600.00 USD
  Income:US:Hooli:Match401k                       -600.00 USD

2025-02-17 * "Investing 40% of cash in VBMPX"
  Assets:US:Vanguard:VBMPX                          3.757 VBMPX {127.76 USD, 2025-02-17}
  Assets:US:Vanguard:Cash                         -479.99 USD

2025-02-17 * "Investing 60% of cash in RGAGX"
  Assets:US:Vanguard:RGAGX                          8.322 RGAGX {86.52 USD, 2025-02-17}
  Assets:US:Vanguard:Cash                         -720.02 USD

2025-02-17 * "Investing 40% of cash in VBMPX"
  Assets:US:Vanguard:VBMPX                          1.879 VBMPX {127.76 USD, 2025-02-17}
  Assets:US:Vanguard:Cash                         -240.06 USD

2025-02-17 * "Investing 60% of cash in RGAGX"
  Assets:US:Vanguard:RGAGX                          4.161 RGAGX {86.52 USD, 2025-02-17}
  Assets:US:Vanguard:Cash                         -360.01 USD

2025-02-28 * "Employer match for contribution"
  Assets:US:Vanguard:Cash                          600.00 USD
  Income:US:Hooli:Match401k                       -600.00 USD

2025-03-03 * "Investing 40% of cash in VBMPX"
  Assets:US:Vanguard:VBMPX                          3.793 VBMPX {126.53 USD, 2025-03-03}
  Assets:US:Vanguard:Cash                         -479.93 USD

2025-03-03 * "Investing 60% of cash in RGAGX"
  Assets:US:Vanguard:RGAGX                          8.330 RGAGX {86.43 USD, 2025-03-03}
  Assets:US:Vanguard:Cash                         -719.96 USD

2025-03-03 * "Investing 40% of cash in VBMPX"
  Assets:US:Vanguard:VBMPX                          1.897 VBMPX {126.53 USD, 2025-03-03}
  Assets:US:Vanguard:Cash                         -240.03 USD

2025-03-03 * "Investing 60% of cash in RGAGX"
  Assets:US:Vanguard:RGAGX                          4.165 RGAGX {86.43 USD, 2025-03-03}
  Assets:US:Vanguard:Cash                         -359.98 USD

2025-03-14 * "Employer match for contribution"
  Assets:US:Vanguard:Cash                          600.00 USD
  Income:US:Hooli:Match401k                       -600.00 USD

2025-03-17 * "Investing 40% of cash in VBMPX"
  Assets:US:Vanguard:VBMPX                          3.688 VBMPX {130.15 USD, 2025-03-17}
  Assets:US:Vanguard:Cash                         -479.99 USD

2025-03-17 * "Investing 60% of cash in RGAGX"
  Assets:US:Vanguard:RGAGX                          8.674 RGAGX {83.01 USD, 2025-03-17}
  Assets:US:Vanguard:Cash                         -720.03 USD

2025-03-17 * "Investing 40% of cash in VBMPX"
  Assets:US:Vanguard:VBMPX                          1.844 VBMPX {130.15 USD, 2025-03-17}
  Assets:US:Vanguard:Cash                         -240.00 USD

2025-03-17 * "Investing 60% of cash in RGAGX"
  Assets:US:Vanguard:RGAGX                          4.337 RGAGX {83.01 USD, 2025-03-17}
  Assets:US:Vanguard:Cash                         -360.01 USD

2025-03-28 * "Employer match for contribution"
  Assets:US:Vanguard:Cash                          600.00 USD
  Income:US:Hooli:Match401k                       -600.00 USD

2025-03-31 * "Investing 40% of cash in VBMPX"
  Assets:US:Vanguard:VBMPX                          3.666 VBMPX {130.94 USD, 2025-03-31}
  Assets:US:Vanguard:Cash                         -480.03 USD

2025-03-31 * "Investing 60% of cash in RGAGX"
  Assets:US:Vanguard:RGAGX                          8.661 RGAGX {83.13 USD, 2025-03-31}
  Assets:US:Vanguard:Cash                         -719.99 USD

2025-03-31 * "Investing 40% of cash in VBMPX"
  Assets:US:Vanguard:VBMPX                          1.833 VBMPX {130.94 USD, 2025-03-31}
  Assets:US:Vanguard:Cash                         -240.01 USD

2025-03-31 * "Investing 60% of cash in RGAGX"
  Assets:US:Vanguard:RGAGX                          4.330 RGAGX {83.13 USD, 2025-03-31}
  Assets:US:Vanguard:Cash                         -359.95 USD

2025-04-11 * "Employer match for contribution"
  Assets:US:Vanguard:Cash                          600.00 USD
  Income:US:Hooli:Match401k                       -600.00 USD

2025-04-14 * "Investing 40% of cash in VBMPX"
  Assets:US:Vanguard:VBMPX                          3.627 VBMPX {132.36 USD, 2025-04-14}
  Assets:US:Vanguard:Cash                         -480.07 USD

2025-04-14 * "Investing 60% of cash in RGAGX"
  Assets:US:Vanguard:RGAGX                          8.899 RGAGX {80.91 USD, 2025-04-14}
  Assets:US:Vanguard:Cash                         -720.02 USD

2025-04-14 * "Investing 40% of cash in VBMPX"
  Assets:US:Vanguard:VBMPX                          1.813 VBMPX {132.36 USD, 2025-04-14}
  Assets:US:Vanguard:Cash                         -239.97 USD

2025-04-14 * "Investing 60% of cash in RGAGX"
  Assets:US:Vanguard:RGAGX                          4.449 RGAGX {80.91 USD, 2025-04-14}
  Assets:US:Vanguard:Cash                         -359.97 USD

2025-04-25 * "Employer match for contribution"
  Assets:US:Vanguard:Cash                          600.00 USD
  Income:US:Hooli:Match401k                       -600.00 USD

2025-04-28 * "Investing 40% of cash in VBMPX"
  Assets:US:Vanguard:VBMPX                          3.518 VBMPX {136.45 USD, 2025-04-28}
  Assets:US:Vanguard:Cash                         -480.03 USD

2025-04-28 * "Investing 60% of cash in RGAGX"
  Assets:US:Vanguard:RGAGX                          8.886 RGAGX {81.03 USD, 2025-04-28}
  Assets:US:Vanguard:Cash                         -720.03 USD

2025-04-28 * "Investing 40% of cash in VBMPX"
  Assets:US:Vanguard:VBMPX                          1.759 VBMPX {136.45 USD, 2025-04-28}
  Assets:US:Vanguard:Cash                         -240.02 USD

2025-04-28 * "Investing 60% of cash in RGAGX"
  Assets:US:Vanguard:RGAGX                          4.442 RGAGX {81.03 USD, 2025-04-28}
  Assets:US:Vanguard:Cash                         -359.94 USD

2025-05-09 * "Employer match for contribution"
  Assets:US:Vanguard:Cash                          600.00 USD
  Income:US:Hooli:Match401k                       -600.00 USD

2025-05-12 * "Investing 40% of cash in VBMPX"
  Assets:US:Vanguard:VBMPX                          3.493 VBMPX {137.41 USD, 2025-05-12}
  Assets:US:Vanguard:Cash                         -479.97 USD

2025-05-12 * "Investing 60% of cash in RGAGX"
  Assets:US:Vanguard:RGAGX                          8.618 RGAGX {83.54 USD, 2025-05-12}
  Assets:US:Vanguard:Cash                         -719.95 USD

2025-05-12 * "Investing 40% of cash in VBMPX"
  Assets:US:Vanguard:VBMPX                          1.747 VBMPX {137.41 USD, 2025-05-12}
  Assets:US:Vanguard:Cash                         -240.06 USD

2025-05-12 * "Investing 60% of cash in RGAGX"
  Assets:US:Vanguard:RGAGX                          4.310 RGAGX {83.54 USD, 2025-05-12}
  Assets:US:Vanguard:Cash                         -360.06 USD

2025-05-23 * "Employer match for contribution"
  Assets:US:Vanguard:Cash                          600.00 USD
  Income:US:Hooli:Match401k                       -600.00 USD

2025-05-26 * "Investing 40% of cash in VBMPX"
  Assets:US:Vanguard:VBMPX                          3.493 VBMPX {137.41 USD, 2025-05-26}
  Assets:US:Vanguard:Cash                         -479.97 USD

2025-05-26 * "Investing 60% of cash in RGAGX"
  Assets:US:Vanguard:RGAGX                          8.706 RGAGX {82.70 USD, 2025-05-26}
  Assets:US:Vanguard:Cash                         -719.99 USD

2025-05-26 * "Investing 40% of cash in VBMPX"
  Assets:US:Vanguard:VBMPX                          1.747 VBMPX {137.41 USD, 2025-05-26}
  Assets:US:Vanguard:Cash                         -240.06 USD

2025-05-26 * "Investing 60% of cash in RGAGX"
  Assets:US:Vanguard:RGAGX                          4.353 RGAGX {82.70 USD, 2025-05-26}
  Assets:US:Vanguard:Cash                         -359.99 USD

2025-06-06 * "Employer match for contribution"
  Assets:US:Vanguard:Cash                          600.00 USD
  Income:US:Hooli:Match401k                       -600.00 USD

2025-06-09 * "Investing 40% of cash in VBMPX"
  Assets:US:Vanguard:VBMPX                          3.539 VBMPX {135.61 USD, 2025-06-09}
  Assets:US:Vanguard:Cash                         -479.92 USD

2025-06-09 * "Investing 60% of cash in RGAGX"
  Assets:US:Vanguard:RGAGX                          8.706 RGAGX {82.70 USD, 2025-06-09}
  Assets:US:Vanguard:Cash                         -719.99 USD

2025-06-09 * "Investing 40% of cash in VBMPX"
  Assets:US:Vanguard:VBMPX                          1.770 VBMPX {135.61 USD, 2025-06-09}
  Assets:US:Vanguard:Cash                         -240.03 USD

2025-06-09 * "Investing 60% of cash in RGAGX"
  Assets:US:Vanguard:RGAGX                          4.353 RGAGX {82.70 USD, 2025-06-09}
  Assets:US:Vanguard:Cash                         -359.99 USD

2025-06-20 * "Employer match for contribution"
  Assets:US:Vanguard:Cash                          600.00 USD
  Income:US:Hooli:Match401k                       -600.00 USD

2025-06-23 * "Investing 40% of cash in VBMPX"
  Assets:US:Vanguard:VBMPX                          3.687 VBMPX {130.17 USD, 2025-06-23}
  Assets:US:Vanguard:Cash                         -479.94 USD

2025-06-23 * "Investing 60% of cash in RGAGX"
  Assets:US:Vanguard:RGAGX                          8.657 RGAGX {83.17 USD, 2025-06-23}
  Assets:US:Vanguard:Cash                         -720.00 USD

2025-06-23 * "Investing 40% of cash in VBMPX"
  Assets:US:Vanguard:VBMPX                          1.844 VBMPX {130.17 USD, 2025-06-23}
  Assets:US:Vanguard:Cash                         -240.03 USD

2025-06-23 * "Investing 60% of cash in RGAGX"
  Assets:US:Vanguard:RGAGX                          4.329 RGAGX {83.17 USD, 2025-06-23}
  Assets:US:Vanguard:Cash                         -360.04 USD

2025-07-04 * "Employer match for contribution"
  Assets:US:Vanguard:Cash                          600.00 USD
  Income:US:Hooli:Match401k                       -600.00 USD

2025-07-07 * "Investing 40% of cash in VBMPX"
  Assets:US:Vanguard:VBMPX                          3.804 VBMPX {126.19 USD, 2025-07-07}
  Assets:US:Vanguard:Cash                         -480.03 USD

2025-07-07 * "Investing 60% of cash in RGAGX"
  Assets:US:Vanguard:RGAGX                          8.445 RGAGX {85.26 USD, 2025-07-07}
  Assets:US:Vanguard:Cash                         -720.02 USD

2025-07-07 * "Investing 40% of cash in VBMPX"
  Assets:US:Vanguard:VBMPX                          1.902 VBMPX {126.19 USD, 2025-07-07}
  Assets:US:Vanguard:Cash                         -240.01 USD

2025-07-07 * "Investing 60% of cash in RGAGX"
  Assets:US:Vanguard:RGAGX                          4.222 RGAGX {85.26 USD, 2025-07-07}
  Assets:US:Vanguard:Cash                         -359.97 USD

2025-07-18 * "Employer match for contribution"
  Assets:US:Vanguard:Cash                          600.00 USD
  Income:US:Hooli:Match401k                       -600.00 USD

2025-07-21 * "Investing 40% of cash in VBMPX"
  Assets:US:Vanguard:VBMPX                          3.708 VBMPX {129.43 USD, 2025-07-21}
  Assets:US:Vanguard:Cash                         -479.93 USD

2025-07-21 * "Investing 60% of cash in RGAGX"
  Assets:US:Vanguard:RGAGX                          8.443 RGAGX {85.27 USD, 2025-07-21}
  Assets:US:Vanguard:Cash                         -719.93 USD

2025-07-21 * "Investing 40% of cash in VBMPX"
  Assets:US:Vanguard:VBMPX                          1.855 VBMPX {129.43 USD, 2025-07-21}
  Assets:US:Vanguard:Cash                         -240.09 USD

2025-07-21 * "Investing 60% of cash in RGAGX"
  Assets:US:Vanguard:RGAGX                          4.223 RGAGX {85.27 USD, 2025-07-21}
  Assets:US:Vanguard:Cash                         -360.10 USD

2025-08-01 * "Employer match for contribution"
  Assets:US:Vanguard:Cash                          250.00 USD
  Income:US:Hooli:Match401k                       -250.00 USD

2025-08-04 * "Investing 40% of cash in VBMPX"
  Assets:US:Vanguard:VBMPX                          1.495 VBMPX {133.71 USD, 2025-08-04}
  Assets:US:Vanguard:Cash                         -199.90 USD

2025-08-04 * "Investing 60% of cash in RGAGX"
  Assets:US:Vanguard:RGAGX                          3.755 RGAGX {79.88 USD, 2025-08-04}
  Assets:US:Vanguard:Cash                         -299.95 USD

2025-08-04 * "Investing 40% of cash in VBMPX"
  Assets:US:Vanguard:VBMPX                          0.748 VBMPX {133.71 USD, 2025-08-04}
  Assets:US:Vanguard:Cash                         -100.02 USD

2025-08-04 * "Investing 60% of cash in RGAGX"
  Assets:US:Vanguard:RGAGX                          1.878 RGAGX {79.88 USD, 2025-08-04}
  Assets:US:Vanguard:Cash                         -150.01 USD

2026-01-02 * "Employer match for contribution"
  Assets:US:Vanguard:Cash                          600.00 USD
  Income:US:Hooli:Match401k                       -600.00 USD

2026-01-05 * "Investing 40% of cash in VBMPX"
  Assets:US:Vanguard:VBMPX                          3.279 VBMPX {146.37 USD, 2026-01-05}
  Assets:US:Vanguard:Cash                         -479.95 USD

2026-01-05 * "Investing 60% of cash in RGAGX"
  Assets:US:Vanguard:RGAGX                          8.550 RGAGX {84.21 USD, 2026-01-05}
  Assets:US:Vanguard:Cash                         -720.00 USD

2026-01-05 * "Investing 40% of cash in VBMPX"
  Assets:US:Vanguard:VBMPX                          1.640 VBMPX {146.37 USD, 2026-01-05}
  Assets:US:Vanguard:Cash                         -240.05 USD

2026-01-05 * "Investing 60% of cash in RGAGX"
  Assets:US:Vanguard:RGAGX                          4.276 RGAGX {84.21 USD, 2026-01-05}
  Assets:US:Vanguard:Cash                         -360.08 USD

2026-01-16 * "Employer match for contribution"
  Assets:US:Vanguard:Cash                          600.00 USD
  Income:US:Hooli:Match401k                       -600.00 USD

2026-01-19 * "Investing 40% of cash in VBMPX"
  Assets:US:Vanguard:VBMPX                          3.408 VBMPX {140.85 USD, 2026-01-19}
  Assets:US:Vanguard:Cash                         -480.02 USD

2026-01-19 * "Investing 60% of cash in RGAGX"
  Assets:US:Vanguard:RGAGX                          8.413 RGAGX {85.58 USD, 2026-01-19}
  Assets:US:Vanguard:Cash                         -719.98 USD

2026-01-19 * "Investing 40% of cash in VBMPX"
  Assets:US:Vanguard:VBMPX                          1.704 VBMPX {140.85 USD, 2026-01-19}
  Assets:US:Vanguard:Cash                         -240.01 USD

2026-01-19 * "Investing 60% of cash in RGAGX"
  Assets:US:Vanguard:RGAGX                          4.206 RGAGX {85.58 USD, 2026-01-19}
  Assets:US:Vanguard:Cash                         -359.95 USD

2026-01-30 * "Employer match for contribution"
  Assets:US:Vanguard:Cash                          600.00 USD
  Income:US:Hooli:Match401k                       -600.00 USD

2026-02-02 * "Investing 40% of cash in VBMPX"
  Assets:US:Vanguard:VBMPX                          3.368 VBMPX {142.50 USD, 2026-02-02}
  Assets:US:Vanguard:Cash                         -479.94 USD

2026-02-02 * "Investing 60% of cash in RGAGX"
  Assets:US:Vanguard:RGAGX                          8.645 RGAGX {83.28 USD, 2026-02-02}
  Assets:US:Vanguard:Cash                         -719.96 USD

2026-02-02 * "Investing 40% of cash in VBMPX"
  Assets:US:Vanguard:VBMPX                          1.684 VBMPX {142.50 USD, 2026-02-02}
  Assets:US:Vanguard:Cash                         -239.97 USD

2026-02-02 * "Investing 60% of cash in RGAGX"
  Assets:US:Vanguard:RGAGX                          4.323 RGAGX {83.28 USD, 2026-02-02}
  Assets:US:Vanguard:Cash                         -360.02 USD

2026-02-13 * "Employer match for contribution"
  Assets:US:Vanguard:Cash                          600.00 USD
  Income:US:Hooli:Match401k                       -600.00 USD

2026-02-16 * "Investing 40% of cash in VBMPX"
  Assets:US:Vanguard:VBMPX                          3.355 VBMPX {143.07 USD, 2026-02-16}
  Assets:US:Vanguard:Cash                         -480.00 USD

2026-02-16 * "Investing 60% of cash in RGAGX"
  Assets:US:Vanguard:RGAGX                          8.593 RGAGX {83.80 USD, 2026-02-16}
  Assets:US:Vanguard:Cash                         -720.09 USD

2026-02-16 * "Investing 40% of cash in VBMPX"
  Assets:US:Vanguard:VBMPX                          1.678 VBMPX {143.07 USD, 2026-02-16}
  Assets:US:Vanguard:Cash                         -240.07 USD

2026-02-16 * "Investing 60% of cash in RGAGX"
  Assets:US:Vanguard:RGAGX                          4.296 RGAGX {83.80 USD, 2026-02-16}
  Assets:US:Vanguard:Cash                         -360.00 USD



* Sources of Income

2024-01-01 open Income:US:Hooli:Salary                      USD
2024-01-01 open Income:US:Hooli:GroupTermLife               USD
2024-01-01 open Income:US:Hooli:Vacation                    VACHR
2024-01-01 open Assets:US:Hooli:Vacation                    VACHR
2024-01-01 open Expenses:Vacation                               VACHR
2024-01-01 open Expenses:Health:Life:GroupTermLife
2024-01-01 open Expenses:Health:Medical:Insurance
2024-01-01 open Expenses:Health:Dental:Insurance
2024-01-01 open Expenses:Health:Vision:Insurance

2024-01-01 event "employer" "Hooli, 1 Carloston Rd, Mountain Beer, CA"

2024-01-04 * "Hooli" "Payroll"
  Assets:US:BofA:Checking                         1350.60 USD
  Assets:US:Vanguard:Cash                         1200.00 USD
  Income:US:Hooli:Salary                         -4615.38 USD
  Income:US:Hooli:GroupTermLife                    -24.32 USD
  Expenses:Health:Life:GroupTermLife                24.32 USD
  Expenses:Health:Dental:Insurance                   2.90 USD
  Expenses:Health:Medical:Insurance                 27.38 USD
  Expenses:Health:Vision:Insurance                  42.30 USD
  Expenses:Taxes:Y2024:US:Medicare                 106.62 USD
  Expenses:Taxes:Y2024:US:Federal                 1062.92 USD
  Expenses:Taxes:Y2024:US:State                    365.08 USD
  Expenses:Taxes:Y2024:US:CityNYC                  174.92 USD
  Expenses:Taxes:Y2024:US:SDI                        1.12 USD
  Expenses:Taxes:Y2024:US:SocSec                   281.54 USD
  Assets:US:Federal:PreTax401k                   -1200.00 IRAUSD
  Expenses:Taxes:Y2024:US:Federal:PreTax401k      1200.00 IRAUSD
  Assets:US:Hooli:Vacation                              5 VACHR
  Income:US:Hooli:Vacation                             -5 VACHR

2024-01-18 * "Hooli" "Payroll"
  Assets:US:BofA:Checking                         1350.60 USD
  Assets:US:Vanguard:Cash                         1200.00 USD
  Income:US:Hooli:Salary                         -4615.38 USD
  Income:US:Hooli:GroupTermLife                    -24.32 USD
  Expenses:Health:Life:GroupTermLife                24.32 USD
  Expenses:Health:Dental:Insurance                   2.90 USD
  Expenses:Health:Medical:Insurance                 27.38 USD
  Expenses:Health:Vision:Insurance                  42.30 USD
  Expenses:Taxes:Y2024:US:Medicare                 106.62 USD
  Expenses:Taxes:Y2024:US:Federal                 1062.92 USD
  Expenses:Taxes:Y2024:US:State                    365.08 USD
  Expenses:Taxes:Y2024:US:CityNYC                  174.92 USD
  Expenses:Taxes:Y2024:US:SDI                        1.12 USD
  Expenses:Taxes:Y2024:US:SocSec                   281.54 USD
  Assets:US:Federal:PreTax401k                   -1200.00 IRAUSD
  Expenses:Taxes:Y2024:US:Federal:PreTax401k      1200.00 IRAUSD
  Assets:US:Hooli:Vacation                              5 VACHR
  Income:US:Hooli:Vacation                             -5 VACHR

2024-02-01 * "Hooli" "Payroll"
  Assets:US:BofA:Checking                         1350.60 USD
  Assets:US:Vanguard:Cash                         1200.00 USD
  Income:US:Hooli:Salary                         -4615.38 USD
  Income:US:Hooli:GroupTermLife                    -24.32 USD
  Expenses:Health:Life:GroupTermLife                24.32 USD
  Expenses:Health:Dental:Insurance                   2.90 USD
  Expenses:Health:Medical:Insurance                 27.38 USD
  Expenses:Health:Vision:Insurance                  42.30 USD
  Expenses:Taxes:Y2024:US:Medicare                 106.62 USD
  Expenses:Taxes:Y2024:US:Federal                 1062.92 USD
  Expenses:Taxes:Y2024:US:State                    365.08 USD
  Expenses:Taxes:Y2024:US:CityNYC                  174.92 USD
  Expenses:Taxes:Y2024:US:SDI                        1.12 USD
  Expenses:Taxes:Y2024:US:SocSec                   281.54 USD
  Assets:US:Federal:PreTax401k                   -1200.00 IRAUSD
  Expenses:Taxes:Y2024:US:Federal:PreTax401k      1200.00 IRAUSD
  Assets:US:Hooli:Vacation                              5 VACHR
  Income:US:Hooli:Vacation                             -5 VACHR

2024-02-15 * "Hooli" "Payroll"
  Assets:US:BofA:Checking                         1350.60 USD
  Assets:US:Vanguard:Cash                         1200.00 USD
  Income:US:Hooli:Salary                         -4615.38 USD
  Income:US:Hooli:GroupTermLife                    -24.32 USD
  Expenses:Health:Life:GroupTermLife                24.32 USD
  Expenses:Health:Dental:Insurance                   2.90 USD
  Expenses:Health:Medical:Insurance                 27.38 USD
  Expenses:Health:Vision:Insurance                  42.30 USD
  Expenses:Taxes:Y2024:US:Medicare                 106.62 USD
  Expenses:Taxes:Y2024:US:Federal                 1062.92 USD
  Expenses:Taxes:Y2024:US:State                    365.08 USD
  Expenses:Taxes:Y2024:US:CityNYC                  174.92 USD
  Expenses:Taxes:Y2024:US:SDI                        1.12 USD
  Expenses:Taxes:Y2024:US:SocSec                   281.54 USD
  Assets:US:Federal:PreTax401k                   -1200.00 IRAUSD
  Expenses:Taxes:Y2024:US:Federal:PreTax401k      1200.00 IRAUSD
  Assets:US:Hooli:Vacation                              5 VACHR
  Income:US:Hooli:Vacation                             -5 VACHR

2024-02-29 * "Hooli" "Payroll"
  Assets:US:BofA:Checking                         1350.60 USD
  Assets:US:Vanguard:Cash                         1200.00 USD
  Income:US:Hooli:Salary                         -4615.38 USD
  Income:US:Hooli:GroupTermLife                    -24.32 USD
  Expenses:Health:Life:GroupTermLife                24.32 USD
  Expenses:Health:Dental:Insurance                   2.90 USD
  Expenses:Health:Medical:Insurance                 27.38 USD
  Expenses:Health:Vision:Insurance                  42.30 USD
  Expenses:Taxes:Y2024:US:Medicare                 106.62 USD
  Expenses:Taxes:Y2024:US:Federal                 1062.92 USD
  Expenses:Taxes:Y2024:US:State                    365.08 USD
  Expenses:Taxes:Y2024:US:CityNYC                  174.92 USD
  Expenses:Taxes:Y2024:US:SDI                        1.12 USD
  Expenses:Taxes:Y2024:US:SocSec                   281.54 USD
  Assets:US:Federal:PreTax401k                   -1200.00 IRAUSD
  Expenses:Taxes:Y2024:US:Federal:PreTax401k      1200.00 IRAUSD
  Assets:US:Hooli:Vacation                              5 VACHR
  Income:US:Hooli:Vacation                             -5 VACHR

2024-03-14 * "Hooli" "Payroll"
  Assets:US:BofA:Checking                         1350.60 USD
  Assets:US:Vanguard:Cash                         1200.00 USD
  Income:US:Hooli:Salary                         -4615.38 USD
  Income:US:Hooli:GroupTermLife                    -24.32 USD
  Expenses:Health:Life:GroupTermLife                24.32 USD
  Expenses:Health:Dental:Insurance                   2.90 USD
  Expenses:Health:Medical:Insurance                 27.38 USD
  Expenses:Health:Vision:Insurance                  42.30 USD
  Expenses:Taxes:Y2024:US:Medicare                 106.62 USD
  Expenses:Taxes:Y2024:US:Federal                 1062.92 USD
  Expenses:Taxes:Y2024:US:State                    365.08 USD
  Expenses:Taxes:Y2024:US:CityNYC                  174.92 USD
  Expenses:Taxes:Y2024:US:SDI                        1.12 USD
  Expenses:Taxes:Y2024:US:SocSec                   281.54 USD
  Assets:US:Federal:PreTax401k                   -1200.00 IRAUSD
  Expenses:Taxes:Y2024:US:Federal:PreTax401k      1200.00 IRAUSD
  Assets:US:Hooli:Vacation                              5 VACHR
  Income:US:Hooli:Vacation                             -5 VACHR

2024-03-28 * "Hooli" "Payroll"
  Assets:US:BofA:Checking                         1350.60 USD
  Assets:US:Vanguard:Cash                         1200.00 USD
  Income:US:Hooli:Salary                         -4615.38 USD
  Income:US:Hooli:GroupTermLife                    -24.32 USD
  Expenses:Health:Life:GroupTermLife                24.32 USD
  Expenses:Health:Dental:Insurance                   2.90 USD
  Expenses:Health:Medical:Insurance                 27.38 USD
  Expenses:Health:Vision:Insurance                  42.30 USD
  Expenses:Taxes:Y2024:US:Medicare                 106.62 USD
  Expenses:Taxes:Y2024:US:Federal                 1062.92 USD
  Expenses:Taxes:Y2024:US:State                    365.08 USD
  Expenses:Taxes:Y2024:US:CityNYC                  174.92 USD
  Expenses:Taxes:Y2024:US:SDI                        1.12 USD
  Expenses:Taxes:Y2024:US:SocSec                   281.54 USD
  Assets:US:Federal:PreTax401k                   -1200.00 IRAUSD
  Expenses:Taxes:Y2024:US:Federal:PreTax401k      1200.00 IRAUSD
  Assets:US:Hooli:Vacation                              5 VACHR
  Income:US:Hooli:Vacation                             -5 VACHR

2024-04-11 * "Hooli" "Payroll"
  Assets:US:BofA:Checking                         1350.60 USD
  Assets:US:Vanguard:Cash                         1200.00 USD
  Income:US:Hooli:Salary                         -4615.38 USD
  Income:US:Hooli:GroupTermLife                    -24.32 USD
  Expenses:Health:Life:GroupTermLife                24.32 USD
  Expenses:Health:Dental:Insurance                   2.90 USD
  Expenses:Health:Medical:Insurance                 27.38 USD
  Expenses:Health:Vision:Insurance                  42.30 USD
  Expenses:Taxes:Y2024:US:Medicare                 106.62 USD
  Expenses:Taxes:Y2024:US:Federal                 1062.92 USD
  Expenses:Taxes:Y2024:US:State                    365.08 USD
  Expenses:Taxes:Y2024:US:CityNYC                  174.92 USD
  Expenses:Taxes:Y2024:US:SDI                        1.12 USD
  Expenses:Taxes:Y2024:US:SocSec                   281.54 USD
  Assets:US:Federal:PreTax401k                   -1200.00 IRAUSD
  Expenses:Taxes:Y2024:US:Federal:PreTax401k      1200.00 IRAUSD
  Assets:US:Hooli:Vacation                              5 VACHR
  Income:US:Hooli:Vacation                             -5 VACHR

2024-04-25 * "Hooli" "Payroll"
  Assets:US:BofA:Checking                         1350.60 USD
  Assets:US:Vanguard:Cash                         1200.00 USD
  Income:US:Hooli:Salary                         -4615.38 USD
  Income:US:Hooli:GroupTermLife                    -24.32 USD
  Expenses:Health:Life:GroupTermLife                24.32 USD
  Expenses:Health:Dental:Insurance                   2.90 USD
  Expenses:Health:Medical:Insurance                 27.38 USD
  Expenses:Health:Vision:Insurance                  42.30 USD
  Expenses:Taxes:Y2024:US:Medicare                 106.62 USD
  Expenses:Taxes:Y2024:US:Federal                 1062.92 USD
  Expenses:Taxes:Y2024:US:State                    365.08 USD
  Expenses:Taxes:Y2024:US:CityNYC                  174.92 USD
  Expenses:Taxes:Y2024:US:SDI                        1.12 USD
  Expenses:Taxes:Y2024:US:SocSec                   281.54 USD
  Assets:US:Federal:PreTax401k                   -1200.00 IRAUSD
  Expenses:Taxes:Y2024:US:Federal:PreTax401k      1200.00 IRAUSD
  Assets:US:Hooli:Vacation                              5 VACHR
  Income:US:Hooli:Vacation                             -5 VACHR

2024-05-09 * "Hooli" "Payroll"
  Assets:US:BofA:Checking                         1350.60 USD
  Assets:US:Vanguard:Cash                         1200.00 USD
  Income:US:Hooli:Salary                         -4615.38 USD
  Income:US:Hooli:GroupTermLife                    -24.32 USD
  Expenses:Health:Life:GroupTermLife                24.32 USD
  Expenses:Health:Dental:Insurance                   2.90 USD
  Expenses:Health:Medical:Insurance                 27.38 USD
  Expenses:Health:Vision:Insurance                  42.30 USD
  Expenses:Taxes:Y2024:US:Medicare                 106.62 USD
  Expenses:Taxes:Y2024:US:Federal                 1062.92 USD
  Expenses:Taxes:Y2024:US:State                    365.08 USD
  Expenses:Taxes:Y2024:US:CityNYC                  174.92 USD
  Expenses:Taxes:Y2024:US:SDI                        1.12 USD
  Expenses:Taxes:Y2024:US:SocSec                   281.54 USD
  Assets:US:Federal:PreTax401k                   -1200.00 IRAUSD
  Expenses:Taxes:Y2024:US:Federal:PreTax401k      1200.00 IRAUSD
  Assets:US:Hooli:Vacation                              5 VACHR
  Income:US:Hooli:Vacation                             -5 VACHR

2024-05-23 * "Hooli" "Payroll"
  Assets:US:BofA:Checking                         1350.60 USD
  Assets:US:Vanguard:Cash                         1200.00 USD
  Income:US:Hooli:Salary                         -4615.38 USD
  Income:US:Hooli:GroupTermLife                    -24.32 USD
  Expenses:Health:Life:GroupTermLife                24.32 USD
  Expenses:Health:Dental:Insurance                   2.90 USD
  Expenses:Health:Medical:Insurance                 27.38 USD
  Expenses:Health:Vision:Insurance                  42.30 USD
  Expenses:Taxes:Y2024:US:Medicare                 106.62 USD
  Expenses:Taxes:Y2024:US:Federal                 1062.92 USD
  Expenses:Taxes:Y2024:US:State                    365.08 USD
  Expenses:Taxes:Y2024:US:CityNYC                  174.92 USD
  Expenses:Taxes:Y2024:US:SDI                        1.12 USD
  Expenses:Taxes:Y2024:US:SocSec                   281.54 USD
  Assets:US:Federal:PreTax401k                   -1200.00 IRAUSD
  Expenses:Taxes:Y2024:US:Federal:PreTax401k      1200.00 IRAUSD
  Assets:US:Hooli:Vacation                              5 VACHR
  Income:US:Hooli:Vacation                             -5 VACHR

2024-06-06 * "Hooli" "Payroll"
  Assets:US:BofA:Checking                         1350.60 USD
  Assets:US:Vanguard:Cash                         1200.00 USD
  Income:US:Hooli:Salary                         -4615.38 USD
  Income:US:Hooli:GroupTermLife                    -24.32 USD
  Expenses:Health:Life:GroupTermLife                24.32 USD
  Expenses:Health:Dental:Insurance                   2.90 USD
  Expenses:Health:Medical:Insurance                 27.38 USD
  Expenses:Health:Vision:Insurance                  42.30 USD
  Expenses:Taxes:Y2024:US:Medicare                 106.62 USD
  Expenses:Taxes:Y2024:US:Federal                 1062.92 USD
  Expenses:Taxes:Y2024:US:State                    365.08 USD
  Expenses:Taxes:Y2024:US:CityNYC                  174.92 USD
  Expenses:Taxes:Y2024:US:SDI                        1.12 USD
  Expenses:Taxes:Y2024:US:SocSec                   281.54 USD
  Assets:US:Federal:PreTax401k                   -1200.00 IRAUSD
  Expenses:Taxes:Y2024:US:Federal:PreTax401k      1200.00 IRAUSD
  Assets:US:Hooli:Vacation                              5 VACHR
  Income:US:Hooli:Vacation                             -5 VACHR

2024-06-20 * "Hooli" "Payroll"
  Assets:US:BofA:Checking                         1350.60 USD
  Assets:US:Vanguard:Cash                         1200.00 USD
  Income:US:Hooli:Salary                         -4615.38 USD
  Income:US:Hooli:GroupTermLife                    -24.32 USD
  Expenses:Health:Life:GroupTermLife                24.32 USD
  Expenses:Health:Dental:Insurance                   2.90 USD
  Expenses:Health:Medical:Insurance                 27.38 USD
  Expenses:Health:Vision:Insurance                  42.30 USD
  Expenses:Taxes:Y2024:US:Medicare                 106.62 USD
  Expenses:Taxes:Y2024:US:Federal                 1062.92 USD
  Expenses:Taxes:Y2024:US:State                    365.08 USD
  Expenses:Taxes:Y2024:US:CityNYC                  174.92 USD
  Expenses:Taxes:Y2024:US:SDI                        1.12 USD
  Expenses:Taxes:Y2024:US:SocSec                   281.54 USD
  Assets:US:Federal:PreTax401k                   -1200.00 IRAUSD
  Expenses:Taxes:Y2024:US:Federal:PreTax401k      1200.00 IRAUSD
  Assets:US:Hooli:Vacation                              5 VACHR
  Income:US:Hooli:Vacation                             -5 VACHR

2024-07-04 * "Hooli" "Payroll"
  Assets:US:BofA:Checking                         1350.60 USD
  Assets:US:Vanguard:Cash                         1200.00 USD
  Income:US:Hooli:Salary                         -4615.38 USD
  Income:US:Hooli:GroupTermLife                    -24.32 USD
  Expenses:Health:Life:GroupTermLife                24.32 USD
  Expenses:Health:Dental:Insurance                   2.90 USD
  Expenses:Health:Medical:Insurance                 27.38 USD
  Expenses:Health:Vision:Insurance                  42.30 USD
  Expenses:Taxes:Y2024:US:Medicare                 106.62 USD
  Expenses:Taxes:Y2024:US:Federal                 1062.92 USD
  Expenses:Taxes:Y2024:US:State                    365.08 USD
  Expenses:Taxes:Y2024:US:CityNYC                  174.92 USD
  Expenses:Taxes:Y2024:US:SDI                        1.12 USD
  Expenses:Taxes:Y2024:US:SocSec                   281.54 USD
  Assets:US:Federal:PreTax401k                   -1200.00 IRAUSD
  Expenses:Taxes:Y2024:US:Federal:PreTax401k      1200.00 IRAUSD
  Assets:US:Hooli:Vacation                              5 VACHR
  Income:US:Hooli:Vacation                             -5 VACHR

2024-07-18 * "Hooli" "Payroll"
  Assets:US:BofA:Checking                         1350.60 USD
  Assets:US:Vanguard:Cash                         1200.00 USD
  Income:US:Hooli:Salary                         -4615.38 USD
  Income:US:Hooli:GroupTermLife                    -24.32 USD
  Expenses:Health:Life:GroupTermLife                24.32 USD
  Expenses:Health:Dental:Insurance                   2.90 USD
  Expenses:Health:Medical:Insurance                 27.38 USD
  Expenses:Health:Vision:Insurance                  42.30 USD
  Expenses:Taxes:Y2024:US:Medicare                 106.62 USD
  Expenses:Taxes:Y2024:US:Federal                 1062.92 USD
  Expenses:Taxes:Y2024:US:State                    365.08 USD
  Expenses:Taxes:Y2024:US:CityNYC                  174.92 USD
  Expenses:Taxes:Y2024:US:SDI                        1.12 USD
  Expenses:Taxes:Y2024:US:SocSec                   281.54 USD
  Assets:US:Federal:PreTax401k                   -1200.00 IRAUSD
  Expenses:Taxes:Y2024:US:Federal:PreTax401k      1200.00 IRAUSD
  Assets:US:Hooli:Vacation                              5 VACHR
  Income:US:Hooli:Vacation                             -5 VACHR

2024-08-01 * "Hooli" "Payroll"
  Assets:US:BofA:Checking                         2050.60 USD
  Assets:US:Vanguard:Cash                          500.00 USD
  Income:US:Hooli:Salary                         -4615.38 USD
  Income:US:Hooli:GroupTermLife                    -24.32 USD
  Expenses:Health:Life:GroupTermLife                24.32 USD
  Expenses:Health:Dental:Insurance                   2.90 USD
  Expenses:Health:Medical:Insurance                 27.38 USD
  Expenses:Health:Vision:Insurance                  42.30 USD
  Expenses:Taxes:Y2024:US:Medicare                 106.62 USD
  Expenses:Taxes:Y2024:US:Federal                 1062.92 USD
  Expenses:Taxes:Y2024:US:State                    365.08 USD
  Expenses:Taxes:Y2024:US:CityNYC                  174.92 USD
  Expenses:Taxes:Y2024:US:SDI                        1.12 USD
  Expenses:Taxes:Y2024:US:SocSec                   281.54 USD
  Assets:US:Federal:PreTax401k                    -500.00 IRAUSD
  Expenses:Taxes:Y2024:US:Federal:PreTax401k       500.00 IRAUSD
  Assets:US:Hooli:Vacation                              5 VACHR
  Income:US:Hooli:Vacation                             -5 VACHR

2024-08-15 * "Hooli" "Payroll"
  Assets:US:BofA:Checking                         2550.60 USD
  Income:US:Hooli:Salary                         -4615.38 USD
  Income:US:Hooli:GroupTermLife                    -24.32 USD
  Expenses:Health:Life:GroupTermLife                24.32 USD
  Expenses:Health:Dental:Insurance                   2.90 USD
  Expenses:Health:Medical:Insurance                 27.38 USD
  Expenses:Health:Vision:Insurance                  42.30 USD
  Expenses:Taxes:Y2024:US:Medicare                 106.62 USD
  Expenses:Taxes:Y2024:US:Federal                 1062.92 USD
  Expenses:Taxes:Y2024:US:State                    365.08 USD
  Expenses:Taxes:Y2024:US:CityNYC                  174.92 USD
  Expenses:Taxes:Y2024:US:SDI                        1.12 USD
  Expenses:Taxes:Y2024:US:SocSec                   281.54 USD
  Assets:US:Hooli:Vacation                              5 VACHR
  Income:US:Hooli:Vacation                             -5 VACHR

2024-08-29 * "Hooli" "Payroll"
  Assets:US:BofA:Checking                         2550.60 USD
  Income:US:Hooli:Salary                         -4615.38 USD
  Income:US:Hooli:GroupTermLife                    -24.32 USD
  Expenses:Health:Life:GroupTermLife                24.32 USD
  Expenses:Health:Dental:Insurance                   2.90 USD
  Expenses:Health:Medical:Insurance                 27.38 USD
  Expenses:Health:Vision:Insurance                  42.30 USD
  Expenses:Taxes:Y2024:US:Medicare                 106.62 USD
  Expenses:Taxes:Y2024:US:Federal                 1062.92 USD
  Expenses:Taxes:Y2024:US:State                    365.08 USD
  Expenses:Taxes:Y2024:US:CityNYC                  174.92 USD
  Expenses:Taxes:Y2024:US:SDI                        1.12 USD
  Expenses:Taxes:Y2024:US:SocSec                   281.54 USD
  Assets:US:Hooli:Vacation                              5 VACHR
  Income:US:Hooli:Vacation                             -5 VACHR

2024-09-12 * "Hooli" "Payroll"
  Assets:US:BofA:Checking                         2550.60 USD
  Income:US:Hooli:Salary                         -4615.38 USD
  Income:US:Hooli:GroupTermLife                    -24.32 USD
  Expenses:Health:Life:GroupTermLife                24.32 USD
  Expenses:Health:Dental:Insurance                   2.90 USD
  Expenses:Health:Medical:Insurance                 27.38 USD
  Expenses:Health:Vision:Insurance                  42.30 USD
  Expenses:Taxes:Y2024:US:Medicare                 106.62 USD
  Expenses:Taxes:Y2024:US:Federal                 1062.92 USD
  Expenses:Taxes:Y2024:US:State                    365.08 USD
  Expenses:Taxes:Y2024:US:CityNYC                  174.92 USD
  Expenses:Taxes:Y2024:US:SDI                        1.12 USD
  Expenses:Taxes:Y2024:US:SocSec                   281.54 USD
  Assets:US:Hooli:Vacation                              5 VACHR
  Income:US:Hooli:Vacation                             -5 VACHR

2024-09-26 * "Hooli" "Payroll"
  Assets:US:BofA:Checking                         2550.60 USD
  Income:US:Hooli:Salary                         -4615.38 USD
  Income:US:Hooli:GroupTermLife                    -24.32 USD
  Expenses:Health:Life:GroupTermLife                24.32 USD
  Expenses:Health:Dental:Insurance                   2.90 USD
  Expenses:Health:Medical:Insurance                 27.38 USD
  Expenses:Health:Vision:Insurance                  42.30 USD
  Expenses:Taxes:Y2024:US:Medicare                 106.62 USD
  Expenses:Taxes:Y2024:US:Federal                 1062.92 USD
  Expenses:Taxes:Y2024:US:State                    365.08 USD
  Expenses:Taxes:Y2024:US:CityNYC                  174.92 USD
  Expenses:Taxes:Y2024:US:SDI                        1.12 USD
  Expenses:Taxes:Y2024:US:SocSec                   281.54 USD
  Assets:US:Hooli:Vacation                              5 VACHR
  Income:US:Hooli:Vacation                             -5 VACHR

2024-10-10 * "Hooli" "Payroll"
  Assets:US:BofA:Checking                         2550.60 USD
  Income:US:Hooli:Salary                         -4615.38 USD
  Income:US:Hooli:GroupTermLife                    -24.32 USD
  Expenses:Health:Life:GroupTermLife                24.32 USD
  Expenses:Health:Dental:Insurance                   2.90 USD
  Expenses:Health:Medical:Insurance                 27.38 USD
  Expenses:Health:Vision:Insurance                  42.30 USD
  Expenses:Taxes:Y2024:US:Medicare                 106.62 USD
  Expenses:Taxes:Y2024:US:Federal                 1062.92 USD
  Expenses:Taxes:Y2024:US:State                    365.08 USD
  Expenses:Taxes:Y2024:US:CityNYC                  174.92 USD
  Expenses:Taxes:Y2024:US:SDI                        1.12 USD
  Expenses:Taxes:Y2024:US:SocSec                   281.54 USD
  Assets:US:Hooli:Vacation                              5 VACHR
  Income:US:Hooli:Vacation                             -5 VACHR

2024-10-24 * "Hooli" "Payroll"
  Assets:US:BofA:Checking                         2550.60 USD
  Income:US:Hooli:Salary                         -4615.38 USD
  Income:US:Hooli:GroupTermLife                    -24.32 USD
  Expenses:Health:Life:GroupTermLife                24.32 USD
  Expenses:Health:Dental:Insurance                   2.90 USD
  Expenses:Health:Medical:Insurance                 27.38 USD
  Expenses:Health:Vision:Insurance                  42.30 USD
  Expenses:Taxes:Y2024:US:Medicare                 106.62 USD
  Expenses:Taxes:Y2024:US:Federal                 1062.92 USD
  Expenses:Taxes:Y2024:US:State                    365.08 USD
  Expenses:Taxes:Y2024:US:CityNYC                  174.92 USD
  Expenses:Taxes:Y2024:US:SDI                        1.12 USD
  Expenses:Taxes:Y2024:US:SocSec                   281.54 USD
  Assets:US:Hooli:Vacation                              5 VACHR
  Income:US:Hooli:Vacation                             -5 VACHR

2024-11-07 * "Hooli" "Payroll"
  Assets:US:BofA:Checking                         2550.60 USD
  Income:US:Hooli:Salary                         -4615.38 USD
  Income:US:Hooli:GroupTermLife                    -24.32 USD
  Expenses:Health:Life:GroupTermLife                24.32 USD
  Expenses:Health:Dental:Insurance                   2.90 USD
  Expenses:Health:Medical:Insurance                 27.38 USD
  Expenses:Health:Vision:Insurance                  42.30 USD
  Expenses:Taxes:Y2024:US:Medicare                 106.62 USD
  Expenses:Taxes:Y2024:US:Federal                 1062.92 USD
  Expenses:Taxes:Y2024:US:State                    365.08 USD
  Expenses:Taxes:Y2024:US:CityNYC                  174.92 USD
  Expenses:Taxes:Y2024:US:SDI                        1.12 USD
  Expenses:Taxes:Y2024:US:SocSec                   281.54 USD
  Assets:US:Hooli:Vacation                              5 VACHR
  Income:US:Hooli:Vacation                             -5 VACHR

2024-11-21 * "Hooli" "Payroll"
  Assets:US:BofA:Checking                         2550.60 USD
  Income:US:Hooli:Salary                         -4615.38 USD
  Income:US:Hooli:GroupTermLife                    -24.32 USD
  Expenses:Health:Life:GroupTermLife                24.32 USD
  Expenses:Health:Dental:Insurance                   2.90 USD
  Expenses:Health:Medical:Insurance                 27.38 USD
  Expenses:Health:Vision:Insurance                  42.30 USD
  Expenses:Taxes:Y2024:US:Medicare                 106.62 USD
  Expenses:Taxes:Y2024:US:Federal                 1062.92 USD
  Expenses:Taxes:Y2024:US:State                    365.08 USD
  Expenses:Taxes:Y2024:US:CityNYC                  174.92 USD
  Expenses:Taxes:Y2024:US:SDI                        1.12 USD
  Expenses:Taxes:Y2024:US:SocSec                   281.54 USD
  Assets:US:Hooli:Vacation                              5 VACHR
  Income:US:Hooli:Vacation                             -5 VACHR

2024-12-05 * "Hooli" "Payroll"
  Assets:US:BofA:Checking                         2589.06 USD
  Income:US:Hooli:Salary                         -4615.38 USD
  Income:US:Hooli:GroupTermLife                    -24.32 USD
  Expenses:Health:Life:GroupTermLife                24.32 USD
  Expenses:Health:Dental:Insurance                   2.90 USD
  Expenses:Health:Medical:Insurance                 27.38 USD
  Expenses:Health:Vision:Insurance                  42.30 USD
  Expenses:Taxes:Y2024:US:Medicare                 106.62 USD
  Expenses:Taxes:Y2024:US:Federal                 1062.92 USD
  Expenses:Taxes:Y2024:US:State                    365.08 USD
  Expenses:Taxes:Y2024:US:CityNYC                  174.92 USD
  Expenses:Taxes:Y2024:US:SDI                        1.12 USD
  Expenses:Taxes:Y2024:US:SocSec                   243.08 USD
  Assets:US:Hooli:Vacation                              5 VACHR
  Income:US:Hooli:Vacation                             -5 VACHR

2024-12-19 * "Hooli" "Payroll"
  Assets:US:BofA:Checking                         2832.14 USD
  Income:US:Hooli:Salary                         -4615.38 USD
  Income:US:Hooli:GroupTermLife                    -24.32 USD
  Expenses:Health:Life:GroupTermLife                24.32 USD
  Expenses:Health:Dental:Insurance                   2.90 USD
  Expenses:Health:Medical:Insurance                 27.38 USD
  Expenses:Health:Vision:Insurance                  42.30 USD
  Expenses:Taxes:Y2024:US:Medicare                 106.62 USD
  Expenses:Taxes:Y2024:US:Federal                 1062.92 USD
  Expenses:Taxes:Y2024:US:State                    365.08 USD
  Expenses:Taxes:Y2024:US:CityNYC                  174.92 USD
  Expenses:Taxes:Y2024:US:SDI                        1.12 USD
  Expenses:Taxes:Y2024:US:SocSec                     0.00 USD
  Assets:US:Hooli:Vacation                              5 VACHR
  Income:US:Hooli:Vacation                             -5 VACHR

2025-01-02 * "Hooli" "Payroll"
  Assets:US:BofA:Checking                         1350.60 USD
  Assets:US:Vanguard:Cash                         1200.00 USD
  Income:US:Hooli:Salary                         -4615.38 USD
  Income:US:Hooli:GroupTermLife                    -24.32 USD
  Expenses:Health:Life:GroupTermLife                24.32 USD
  Expenses:Health:Dental:Insurance                   2.90 USD
  Expenses:Health:Medical:Insurance                 27.38 USD
  Expenses:Health:Vision:Insurance                  42.30 USD
  Expenses:Taxes:Y2025:US:Medicare                 106.62 USD
  Expenses:Taxes:Y2025:US:Federal                 1062.92 USD
  Expenses:Taxes:Y2025:US:State                    365.08 USD
  Expenses:Taxes:Y2025:US:CityNYC                  174.92 USD
  Expenses:Taxes:Y2025:US:SDI                        1.12 USD
  Expenses:Taxes:Y2025:US:SocSec                   281.54 USD
  Assets:US:Federal:PreTax401k                   -1200.00 IRAUSD
  Expenses:Taxes:Y2025:US:Federal:PreTax401k      1200.00 IRAUSD
  Assets:US:Hooli:Vacation                              5 VACHR
  Income:US:Hooli:Vacation                             -5 VACHR

2025-01-16 * "Hooli" "Payroll"
  Assets:US:BofA:Checking                         1350.60 USD
  Assets:US:Vanguard:Cash                         1200.00 USD
  Income:US:Hooli:Salary                         -4615.38 USD
  Income:US:Hooli:GroupTermLife                    -24.32 USD
  Expenses:Health:Life:GroupTermLife                24.32 USD
  Expenses:Health:Dental:Insurance                   2.90 USD
  Expenses:Health:Medical:Insurance                 27.38 USD
  Expenses:Health:Vision:Insurance                  42.30 USD
  Expenses:Taxes:Y2025:US:Medicare                 106.62 USD
  Expenses:Taxes:Y2025:US:Federal                 1062.92 USD
  Expenses:Taxes:Y2025:US:State                    365.08 USD
  Expenses:Taxes:Y2025:US:CityNYC                  174.92 USD
  Expenses:Taxes:Y2025:US:SDI                        1.12 USD
  Expenses:Taxes:Y2025:US:SocSec                   281.54 USD
  Assets:US:Federal:PreTax401k                   -1200.00 IRAUSD
  Expenses:Taxes:Y2025:US:Federal:PreTax401k      1200.00 IRAUSD
  Assets:US:Hooli:Vacation                              5 VACHR
  Income:US:Hooli:Vacation                             -5 VACHR

2025-01-30 * "Hooli" "Payroll"
  Assets:US:BofA:Checking                         1350.60 USD
  Assets:US:Vanguard:Cash                         1200.00 USD
  Income:US:Hooli:Salary                         -4615.38 USD
  Income:US:Hooli:GroupTermLife                    -24.32 USD
  Expenses:Health:Life:GroupTermLife                24.32 USD
  Expenses:Health:Dental:Insurance                   2.90 USD
  Expenses:Health:Medical:Insurance                 27.38 USD
  Expenses:Health:Vision:Insurance                  42.30 USD
  Expenses:Taxes:Y2025:US:Medicare                 106.62 USD
  Expenses:Taxes:Y2025:US:Federal                 1062.92 USD
  Expenses:Taxes:Y2025:US:State                    365.08 USD
  Expenses:Taxes:Y2025:US:CityNYC                  174.92 USD
  Expenses:Taxes:Y2025:US:SDI                        1.12 USD
  Expenses:Taxes:Y2025:US:SocSec                   281.54 USD
  Assets:US:Federal:PreTax401k                   -1200.00 IRAUSD
  Expenses:Taxes:Y2025:US:Federal:PreTax401k      1200.00 IRAUSD
  Assets:US:Hooli:Vacation                              5 VACHR
  Income:US:Hooli:Vacation                             -5 VACHR

2025-02-13 * "Hooli" "Payroll"
  Assets:US:BofA:Checking                         1350.60 USD
  Assets:US:Vanguard:Cash                         1200.00 USD
  Income:US:Hooli:Salary                         -4615.38 USD
  Income:US:Hooli:GroupTermLife                    -24.32 USD
  Expenses:Health:Life:GroupTermLife                24.32 USD
  Expenses:Health:Dental:Insurance                   2.90 USD
  Expenses:Health:Medical:Insurance                 27.38 USD
  Expenses:Health:Vision:Insurance                  42.30 USD
  Expenses:Taxes:Y2025:US:Medicare                 106.62 USD
  Expenses:Taxes:Y2025:US:Federal                 1062.92 USD
  Expenses:Taxes:Y2025:US:State                    365.08 USD
  Expenses:Taxes:Y2025:US:CityNYC                  174.92 USD
  Expenses:Taxes:Y2025:US:SDI                        1.12 USD
  Expenses:Taxes:Y2025:US:SocSec                   281.54 USD
  Assets:US:Federal:PreTax401k                   -1200.00 IRAUSD
  Expenses:Taxes:Y2025:US:Federal:PreTax401k      1200.00 IRAUSD
  Assets:US:Hooli:Vacation                              5 VACHR
  Income:US:Hooli:Vacation                             -5 VACHR

2025-02-27 * "Hooli" "Payroll"
  Assets:US:BofA:Checking                         1350.60 USD
  Assets:US:Vanguard:Cash                         1200.00 USD
  Income:US:Hooli:Salary                         -4615.38 USD
  Income:US:Hooli:GroupTermLife                    -24.32 USD
  Expenses:Health:Life:GroupTermLife                24.32 USD
  Expenses:Health:Dental:Insurance                   2.90 USD
  Expenses:Health:Medical:Insurance                 27.38 USD
  Expenses:Health:Vision:Insurance                  42.30 USD
  Expenses:Taxes:Y2025:US:Medicare                 106.62 USD
  Expenses:Taxes:Y2025:US:Federal                 1062.92 USD
  Expenses:Taxes:Y2025:US:State                    365.08 USD
  Expenses:Taxes:Y2025:US:CityNYC                  174.92 USD
  Expenses:Taxes:Y2025:US:SDI                        1.12 USD
  Expenses:Taxes:Y2025:US:SocSec                   281.54 USD
  Assets:US:Federal:PreTax401k                   -1200.00 IRAUSD
  Expenses:Taxes:Y2025:US:Federal:PreTax401k      1200.00 IRAUSD
  Assets:US:Hooli:Vacation                              5 VACHR
  Income:US:Hooli:Vacation                             -5 VACHR

2025-03-13 * "Hooli" "Payroll"
  Assets:US:BofA:Checking                         1350.60 USD
  Assets:US:Vanguard:Cash                         1200.00 USD
  Income:US:Hooli:Salary                         -4615.38 USD
  Income:US:Hooli:GroupTermLife                    -24.32 USD
  Expenses:Health:Life:GroupTermLife                24.32 USD
  Expenses:Health:Dental:Insurance                   2.90 USD
  Expenses:Health:Medical:Insurance                 27.38 USD
  Expenses:Health:Vision:Insurance                  42.30 USD
  Expenses:Taxes:Y2025:US:Medicare                 106.62 USD
  Expenses:Taxes:Y2025:US:Federal                 1062.92 USD
  Expenses:Taxes:Y2025:US:State                    365.08 USD
  Expenses:Taxes:Y2025:US:CityNYC                  174.92 USD
  Expenses:Taxes:Y2025:US:SDI                        1.12 USD
  Expenses:Taxes:Y2025:US:SocSec                   281.54 USD
  Assets:US:Federal:PreTax401k                   -1200.00 IRAUSD
  Expenses:Taxes:Y2025:US:Federal:PreTax401k      1200.00 IRAUSD
  Assets:US:Hooli:Vacation                              5 VACHR
  Income:US:Hooli:Vacation                             -5 VACHR

2025-03-27 * "Hooli" "Payroll"
  Assets:US:BofA:Checking                         1350.60 USD
  Assets:US:Vanguard:Cash                         1200.00 USD
  Income:US:Hooli:Salary                         -4615.38 USD
  Income:US:Hooli:GroupTermLife                    -24.32 USD
  Expenses:Health:Life:GroupTermLife                24.32 USD
  Expenses:Health:Dental:Insurance                   2.90 USD
  Expenses:Health:Medical:Insurance                 27.38 USD
  Expenses:Health:Vision:Insurance                  42.30 USD
  Expenses:Taxes:Y2025:US:Medicare                 106.62 USD
  Expenses:Taxes:Y2025:US:Federal                 1062.92 USD
  Expenses:Taxes:Y2025:US:State                    365.08 USD
  Expenses:Taxes:Y2025:US:CityNYC                  174.92 USD
  Expenses:Taxes:Y2025:US:SDI                        1.12 USD
  Expenses:Taxes:Y2025:US:SocSec                   281.54 USD
  Assets:US:Federal:PreTax401k                   -1200.00 IRAUSD
  Expenses:Taxes:Y2025:US:Federal:PreTax401k      1200.00 IRAUSD
  Assets:US:Hooli:Vacation                              5 VACHR
  Income:US:Hooli:Vacation                             -5 VACHR

2025-04-10 * "Hooli" "Payroll"
  Assets:US:BofA:Checking                         1350.60 USD
  Assets:US:Vanguard:Cash                         1200.00 USD
  Income:US:Hooli:Salary                         -4615.38 USD
  Income:US:Hooli:GroupTermLife                    -24.32 USD
  Expenses:Health:Life:GroupTermLife                24.32 USD
  Expenses:Health:Dental:Insurance                   2.90 USD
  Expenses:Health:Medical:Insurance                 27.38 USD
  Expenses:Health:Vision:Insurance                  42.30 USD
  Expenses:Taxes:Y2025:US:Medicare                 106.62 USD
  Expenses:Taxes:Y2025:US:Federal                 1062.92 USD
  Expenses:Taxes:Y2025:US:State                    365.08 USD
  Expenses:Taxes:Y2025:US:CityNYC                  174.92 USD
  Expenses:Taxes:Y2025:US:SDI                        1.12 USD
  Expenses:Taxes:Y2025:US:SocSec                   281.54 USD
  Assets:US:Federal:PreTax401k                   -1200.00 IRAUSD
  Expenses:Taxes:Y2025:US:Federal:PreTax401k      1200.00 IRAUSD
  Assets:US:Hooli:Vacation                              5 VACHR
  Income:US:Hooli:Vacation                             -5 VACHR

2025-04-24 * "Hooli" "Payroll"
  Assets:US:BofA:Checking                         1350.60 USD
  Assets:US:Vanguard:Cash                         1200.00 USD
  Income:US:Hooli:Salary                         -4615.38 USD
  Income:US:Hooli:GroupTermLife                    -24.32 USD
  Expenses:Health:Life:GroupTermLife                24.32 USD
  Expenses:Health:Dental:Insurance                   2.90 USD
  Expenses:Health:Medical:Insurance                 27.38 USD
  Expenses:Health:Vision:Insurance                  42.30 USD
  Expenses:Taxes:Y2025:US:Medicare                 106.62 USD
  Expenses:Taxes:Y2025:US:Federal                 1062.92 USD
  Expenses:Taxes:Y2025:US:State                    365.08 USD
  Expenses:Taxes:Y2025:US:CityNYC                  174.92 USD
  Expenses:Taxes:Y2025:US:SDI                        1.12 USD
  Expenses:Taxes:Y2025:US:SocSec                   281.54 USD
  Assets:US:Federal:PreTax401k                   -1200.00 IRAUSD
  Expenses:Taxes:Y2025:US:Federal:PreTax401k      1200.00 IRAUSD
  Assets:US:Hooli:Vacation                              5 VACHR
  Income:US:Hooli:Vacation                             -5 VACHR

2025-05-08 * "Hooli" "Payroll"
  Assets:US:BofA:Checking                         1350.60 USD
  Assets:US:Vanguard:Cash                         1200.00 USD
  Income:US:Hooli:Salary                         -4615.38 USD
  Income:US:Hooli:GroupTermLife                    -24.32 USD
  Expenses:Health:Life:GroupTermLife                24.32 USD
  Expenses:Health:Dental:Insurance                   2.90 USD
  Expenses:Health:Medical:Insurance                 27.38 USD
  Expenses:Health:Vision:Insurance                  42.30 USD
  Expenses:Taxes:Y2025:US:Medicare                 106.62 USD
  Expenses:Taxes:Y2025:US:Federal                 1062.92 USD
  Expenses:Taxes:Y2025:US:State                    365.08 USD
  Expenses:Taxes:Y2025:US:CityNYC                  174.92 USD
  Expenses:Taxes:Y2025:US:SDI                        1.12 USD
  Expenses:Taxes:Y2025:US:SocSec                   281.54 USD
  Assets:US:Federal:PreTax401k                   -1200.00 IRAUSD
  Expenses:Taxes:Y2025:US:Federal:PreTax401k      1200.00 IRAUSD
  Assets:US:Hooli:Vacation                              5 VACHR
  Income:US:Hooli:Vacation                             -5 VACHR

2025-05-22 * "Hooli" "Payroll"
  Assets:US:BofA:Checking                         1350.60 USD
  Assets:US:Vanguard:Cash                         1200.00 USD
  Income:US:Hooli:Salary                         -4615.38 USD
  Income:US:Hooli:GroupTermLife                    -24.32 USD
  Expenses:Health:Life:GroupTermLife                24.32 USD
  Expenses:Health:Dental:Insurance                   2.90 USD
  Expenses:Health:Medical:Insurance                 27.38 USD
  Expenses:Health:Vision:Insurance                  42.30 USD
  Expenses:Taxes:Y2025:US:Medicare                 106.62 USD
  Expenses:Taxes:Y2025:US:Federal                 1062.92 USD
  Expenses:Taxes:Y2025:US:State                    365.08 USD
  Expenses:Taxes:Y2025:US:CityNYC                  174.92 USD
  Expenses:Taxes:Y2025:US:SDI                        1.12 USD
  Expenses:Taxes:Y2025:US:SocSec                   281.54 USD
  Assets:US:Federal:PreTax401k                   -1200.00 IRAUSD
  Expenses:Taxes:Y2025:US:Federal:PreTax401k      1200.00 IRAUSD
  Assets:US:Hooli:Vacation                              5 VACHR
  Income:US:Hooli:Vacation                             -5 VACHR

2025-06-05 * "Hooli" "Payroll"
  Assets:US:BofA:Checking                         1350.60 USD
  Assets:US:Vanguard:Cash                         1200.00 USD
  Income:US:Hooli:Salary                         -4615.38 USD
  Income:US:Hooli:GroupTermLife                    -24.32 USD
  Expenses:Health:Life:GroupTermLife                24.32 USD
  Expenses:Health:Dental:Insurance                   2.90 USD
  Expenses:Health:Medical:Insurance                 27.38 USD
  Expenses:Health:Vision:Insurance                  42.30 USD
  Expenses:Taxes:Y2025:US:Medicare                 106.62 USD
  Expenses:Taxes:Y2025:US:Federal                 1062.92 USD
  Expenses:Taxes:Y2025:US:State                    365.08 USD
  Expenses:Taxes:Y2025:US:CityNYC                  174.92 USD
  Expenses:Taxes:Y2025:US:SDI                        1.12 USD
  Expenses:Taxes:Y2025:US:SocSec                   281.54 USD
  Assets:US:Federal:PreTax401k                   -1200.00 IRAUSD
  Expenses:Taxes:Y2025:US:Federal:PreTax401k      1200.00 IRAUSD
  Assets:US:Hooli:Vacation                              5 VACHR
  Income:US:Hooli:Vacation                             -5 VACHR

2025-06-19 * "Hooli" "Payroll"
  Assets:US:BofA:Checking                         1350.60 USD
  Assets:US:Vanguard:Cash                         1200.00 USD
  Income:US:Hooli:Salary                         -4615.38 USD
  Income:US:Hooli:GroupTermLife                    -24.32 USD
  Expenses:Health:Life:GroupTermLife                24.32 USD
  Expenses:Health:Dental:Insurance                   2.90 USD
  Expenses:Health:Medical:Insurance                 27.38 USD
  Expenses:Health:Vision:Insurance                  42.30 USD
  Expenses:Taxes:Y2025:US:Medicare                 106.62 USD
  Expenses:Taxes:Y2025:US:Federal                 1062.92 USD
  Expenses:Taxes:Y2025:US:State                    365.08 USD
  Expenses:Taxes:Y2025:US:CityNYC                  174.92 USD
  Expenses:Taxes:Y2025:US:SDI                        1.12 USD
  Expenses:Taxes:Y2025:US:SocSec                   281.54 USD
  Assets:US:Federal:PreTax401k                   -1200.00 IRAUSD
  Expenses:Taxes:Y2025:US:Federal:PreTax401k      1200.00 IRAUSD
  Assets:US:Hooli:Vacation                              5 VACHR
  Income:US:Hooli:Vacation                             -5 VACHR

2025-07-03 * "Hooli" "Payroll"
  Assets:US:BofA:Checking                         1350.60 USD
  Assets:US:Vanguard:Cash                         1200.00 USD
  Income:US:Hooli:Salary                         -4615.38 USD
  Income:US:Hooli:GroupTermLife                    -24.32 USD
  Expenses:Health:Life:GroupTermLife                24.32 USD
  Expenses:Health:Dental:Insurance                   2.90 USD
  Expenses:Health:Medical:Insurance                 27.38 USD
  Expenses:Health:Vision:Insurance                  42.30 USD
  Expenses:Taxes:Y2025:US:Medicare                 106.62 USD
  Expenses:Taxes:Y2025:US:Federal                 1062.92 USD
  Expenses:Taxes:Y2025:US:State                    365.08 USD
  Expenses:Taxes:Y2025:US:CityNYC                  174.92 USD
  Expenses:Taxes:Y2025:US:SDI                        1.12 USD
  Expenses:Taxes:Y2025:US:SocSec                   281.54 USD
  Assets:US:Federal:PreTax401k                   -1200.00 IRAUSD
  Expenses:Taxes:Y2025:US:Federal:PreTax401k      1200.00 IRAUSD
  Assets:US:Hooli:Vacation                              5 VACHR
  Income:US:Hooli:Vacation                             -5 VACHR

2025-07-17 * "Hooli" "Payroll"
  Assets:US:BofA:Checking                         1350.60 USD
  Assets:US:Vanguard:Cash                         1200.00 USD
  Income:US:Hooli:Salary                         -4615.38 USD
  Income:US:Hooli:GroupTermLife                    -24.32 USD
  Expenses:Health:Life:GroupTermLife                24.32 USD
  Expenses:Health:Dental:Insurance                   2.90 USD
  Expenses:Health:Medical:Insurance                 27.38 USD
  Expenses:Health:Vision:Insurance                  42.30 USD
  Expenses:Taxes:Y2025:US:Medicare                 106.62 USD
  Expenses:Taxes:Y2025:US:Federal                 1062.92 USD
  Expenses:Taxes:Y2025:US:State                    365.08 USD
  Expenses:Taxes:Y2025:US:CityNYC                  174.92 USD
  Expenses:Taxes:Y2025:US:SDI                        1.12 USD
  Expenses:Taxes:Y2025:US:SocSec                   281.54 USD
  Assets:US:Federal:PreTax401k                   -1200.00 IRAUSD
  Expenses:Taxes:Y2025:US:Federal:PreTax401k      1200.00 IRAUSD
  Assets:US:Hooli:Vacation                              5 VACHR
  Income:US:Hooli:Vacation                             -5 VACHR

2025-07-31 * "Hooli" "Payroll"
  Assets:US:BofA:Checking                         2050.60 USD
  Assets:US:Vanguard:Cash                          500.00 USD
  Income:US:Hooli:Salary                         -4615.38 USD
  Income:US:Hooli:GroupTermLife                    -24.32 USD
  Expenses:Health:Life:GroupTermLife                24.32 USD
  Expenses:Health:Dental:Insurance                   2.90 USD
  Expenses:Health:Medical:Insurance                 27.38 USD
  Expenses:Health:Vision:Insurance                  42.30 USD
  Expenses:Taxes:Y2025:US:Medicare                 106.62 USD
  Expenses:Taxes:Y2025:US:Federal                 1062.92 USD
  Expenses:Taxes:Y2025:US:State                    365.08 USD
  Expenses:Taxes:Y2025:US:CityNYC                  174.92 USD
  Expenses:Taxes:Y2025:US:SDI                        1.12 USD
  Expenses:Taxes:Y2025:US:SocSec                   281.54 USD
  Assets:US:Federal:PreTax401k                    -500.00 IRAUSD
  Expenses:Taxes:Y2025:US:Federal:PreTax401k       500.00 IRAUSD
  Assets:US:Hooli:Vacation                              5 VACHR
  Income:US:Hooli:Vacation                             -5 VACHR

2025-08-14 * "Hooli" "Payroll"
  Assets:US:BofA:Checking                         2550.60 USD
  Income:US:Hooli:Salary                         -4615.38 USD
  Income:US:Hooli:GroupTermLife                    -24.32 USD
  Expenses:Health:Life:GroupTermLife                24.32 USD
  Expenses:Health:Dental:Insurance                   2.90 USD
  Expenses:Health:Medical:Insurance                 27.38 USD
  Expenses:Health:Vision:Insurance                  42.30 USD
  Expenses:Taxes:Y2025:US:Medicare                 106.62 USD
  Expenses:Taxes:Y2025:US:Federal                 1062.92 USD
  Expenses:Taxes:Y2025:US:State                    365.08 USD
  Expenses:Taxes:Y2025:US:CityNYC                  174.92 USD
  Expenses:Taxes:Y2025:US:SDI                        1.12 USD
  Expenses:Taxes:Y2025:US:SocSec                   281.54 USD
  Assets:US:Hooli:Vacation                              5 VACHR
  Income:US:Hooli:Vacation                             -5 VACHR

2025-08-28 * "Hooli" "Payroll"
  Assets:US:BofA:Checking                         2550.60 USD
  Income:US:Hooli:Salary                         -4615.38 USD
  Income:US:Hooli:GroupTermLife                    -24.32 USD
  Expenses:Health:Life:GroupTermLife                24.32 USD
  Expenses:Health:Dental:Insurance                   2.90 USD
  Expenses:Health:Medical:Insurance                 27.38 USD
  Expenses:Health:Vision:Insurance                  42.30 USD
  Expenses:Taxes:Y2025:US:Medicare                 106.62 USD
  Expenses:Taxes:Y2025:US:Federal                 1062.92 USD
  Expenses:Taxes:Y2025:US:State                    365.08 USD
  Expenses:Taxes:Y2025:US:CityNYC                  174.92 USD
  Expenses:Taxes:Y2025:US:SDI                        1.12 USD
  Expenses:Taxes:Y2025:US:SocSec                   281.54 USD
  Assets:US:Hooli:Vacation                              5 VACHR
  Income:US:Hooli:Vacation                             -5 VACHR

2025-09-11 * "Hooli" "Payroll"
  Assets:US:BofA:Checking                         2550.60 USD
  Income:US:Hooli:Salary                         -4615.38 USD
  Income:US:Hooli:GroupTermLife                    -24.32 USD
  Expenses:Health:Life:GroupTermLife                24.32 USD
  Expenses:Health:Dental:Insurance                   2.90 USD
  Expenses:Health:Medical:Insurance                 27.38 USD
  Expenses:Health:Vision:Insurance                  42.30 USD
  Expenses:Taxes:Y2025:US:Medicare                 106.62 USD
  Expenses:Taxes:Y2025:US:Federal                 1062.92 USD
  Expenses:Taxes:Y2025:US:State                    365.08 USD
  Expenses:Taxes:Y2025:US:CityNYC                  174.92 USD
  Expenses:Taxes:Y2025:US:SDI                        1.12 USD
  Expenses:Taxes:Y2025:US:SocSec                   281.54 USD
  Assets:US:Hooli:Vacation                              5 VACHR
  Income:US:Hooli:Vacation                             -5 VACHR

2025-09-25 * "Hooli" "Payroll"
  Assets:US:BofA:Checking                         2550.60 USD
  Income:US:Hooli:Salary                         -4615.38 USD
  Income:US:Hooli:GroupTermLife                    -24.32 USD
  Expenses:Health:Life:GroupTermLife                24.32 USD
  Expenses:Health:Dental:Insurance                   2.90 USD
  Expenses:Health:Medical:Insurance                 27.38 USD
  Expenses:Health:Vision:Insurance                  42.30 USD
  Expenses:Taxes:Y2025:US:Medicare                 106.62 USD
  Expenses:Taxes:Y2025:US:Federal                 1062.92 USD
  Expenses:Taxes:Y2025:US:State                    365.08 USD
  Expenses:Taxes:Y2025:US:CityNYC                  174.92 USD
  Expenses:Taxes:Y2025:US:SDI                        1.12 USD
  Expenses:Taxes:Y2025:US:SocSec                   281.54 USD
  Assets:US:Hooli:Vacation                              5 VACHR
  Income:US:Hooli:Vacation                             -5 VACHR

2025-10-09 * "Hooli" "Payroll"
  Assets:US:BofA:Checking                         2550.60 USD
  Income:US:Hooli:Salary                         -4615.38 USD
  Income:US:Hooli:GroupTermLife                    -24.32 USD
  Expenses:Health:Life:GroupTermLife                24.32 USD
  Expenses:Health:Dental:Insurance                   2.90 USD
  Expenses:Health:Medical:Insurance                 27.38 USD
  Expenses:Health:Vision:Insurance                  42.30 USD
  Expenses:Taxes:Y2025:US:Medicare                 106.62 USD
  Expenses:Taxes:Y2025:US:Federal                 1062.92 USD
  Expenses:Taxes:Y2025:US:State                    365.08 USD
  Expenses:Taxes:Y2025:US:CityNYC                  174.92 USD
  Expenses:Taxes:Y2025:US:SDI                        1.12 USD
  Expenses:Taxes:Y2025:US:SocSec                   281.54 USD
  Assets:US:Hooli:Vacation                              5 VACHR
  Income:US:Hooli:Vacation                             -5 VACHR

2025-10-23 * "Hooli" "Payroll"
  Assets:US:BofA:Checking                         2550.60 USD
  Income:US:Hooli:Salary                         -4615.38 USD
  Income:US:Hooli:GroupTermLife                    -24.32 USD
  Expenses:Health:Life:GroupTermLife                24.32 USD
  Expenses:Health:Dental:Insurance                   2.90 USD
  Expenses:Health:Medical:Insurance                 27.38 USD
  Expenses:Health:Vision:Insurance                  42.30 USD
  Expenses:Taxes:Y2025:US:Medicare                 106.62 USD
  Expenses:Taxes:Y2025:US:Federal                 1062.92 USD
  Expenses:Taxes:Y2025:US:State                    365.08 USD
  Expenses:Taxes:Y2025:US:CityNYC                  174.92 USD
  Expenses:Taxes:Y2025:US:SDI                        1.12 USD
  Expenses:Taxes:Y2025:US:SocSec                   281.54 USD
  Assets:US:Hooli:Vacation                              5 VACHR
  Income:US:Hooli:Vacation                             -5 VACHR

2025-11-06 * "Hooli" "Payroll"
  Assets:US:BofA:Checking                         2550.60 USD
  Income:US:Hooli:Salary                         -4615.38 USD
  Income:US:Hooli:GroupTermLife                    -24.32 USD
  Expenses:Health:Life:GroupTermLife                24.32 USD
  Expenses:Health:Dental:Insurance                   2.90 USD
  Expenses:Health:Medical:Insurance                 27.38 USD
  Expenses:Health:Vision:Insurance                  42.30 USD
  Expenses:Taxes:Y2025:US:Medicare                 106.62 USD
  Expenses:Taxes:Y2025:US:Federal                 1062.92 USD
  Expenses:Taxes:Y2025:US:State                    365.08 USD
  Expenses:Taxes:Y2025:US:CityNYC                  174.92 USD
  Expenses:Taxes:Y2025:US:SDI                        1.12 USD
  Expenses:Taxes:Y2025:US:SocSec                   281.54 USD
  Assets:US:Hooli:Vacation                              5 VACHR
  Income:US:Hooli:Vacation                             -5 VACHR

2025-11-20 * "Hooli" "Payroll"
  Assets:US:BofA:Checking                         2550.60 USD
  Income:US:Hooli:Salary                         -4615.38 USD
  Income:US:Hooli:GroupTermLife                    -24.32 USD
  Expenses:Health:Life:GroupTermLife                24.32 USD
  Expenses:Health:Dental:Insurance                   2.90 USD
  Expenses:Health:Medical:Insurance                 27.38 USD
  Expenses:Health:Vision:Insurance                  42.30 USD
  Expenses:Taxes:Y2025:US:Medicare                 106.62 USD
  Expenses:Taxes:Y2025:US:Federal                 1062.92 USD
  Expenses:Taxes:Y2025:US:State                    365.08 USD
  Expenses:Taxes:Y2025:US:CityNYC                  174.92 USD
  Expenses:Taxes:Y2025:US:SDI                        1.12 USD
  Expenses:Taxes:Y2025:US:SocSec                   281.54 USD
  Assets:US:Hooli:Vacation                              5 VACHR
  Income:US:Hooli:Vacation                             -5 VACHR

2025-12-04 * "Hooli" "Payroll"
  Assets:US:BofA:Checking                         2589.06 USD
  Income:US:Hooli:Salary                         -4615.38 USD
  Income:US:Hooli:GroupTermLife                    -24.32 USD
  Expenses:Health:Life:GroupTermLife                24.32 USD
  Expenses:Health:Dental:Insurance                   2.90 USD
  Expenses:Health:Medical:Insurance                 27.38 USD
  Expenses:Health:Vision:Insurance                  42.30 USD
  Expenses:Taxes:Y2025:US:Medicare                 106.62 USD
  Expenses:Taxes:Y2025:US:Federal                 1062.92 USD
  Expenses:Taxes:Y2025:US:State                    365.08 USD
  Expenses:Taxes:Y2025:US:CityNYC                  174.92 USD
  Expenses:Taxes:Y2025:US:SDI                        1.12 USD
  Expenses:Taxes:Y2025:US:SocSec                   243.08 USD
  Assets:US:Hooli:Vacation                              5 VACHR
  Income:US:Hooli:Vacation                             -5 VACHR

2025-12-18 * "Hooli" "Payroll"
  Assets:US:BofA:Checking                         2832.14 USD
  Income:US:Hooli:Salary                         -4615.38 USD
  Income:US:Hooli:GroupTermLife                    -24.32 USD
  Expenses:Health:Life:GroupTermLife                24.32 USD
  Expenses:Health:Dental:Insurance                   2.90 USD
  Expenses:Health:Medical:Insurance                 27.38 USD
  Expenses:Health:Vision:Insurance                  42.30 USD
  Expenses:Taxes:Y2025:US:Medicare                 106.62 USD
  Expenses:Taxes:Y2025:US:Federal                 1062.92 USD
  Expenses:Taxes:Y2025:US:State                    365.08 USD
  Expenses:Taxes:Y2025:US:CityNYC                  174.92 USD
  Expenses:Taxes:Y2025:US:SDI                        1.12 USD
  Expenses:Taxes:Y2025:US:SocSec                     0.00 USD
  Assets:US:Hooli:Vacation                              5 VACHR
  Income:US:Hooli:Vacation                             -5 VACHR

2026-01-01 * "Hooli" "Payroll"
  Assets:US:BofA:Checking                         1350.60 USD
  Assets:US:Vanguard:Cash                         1200.00 USD
  Income:US:Hooli:Salary                         -4615.38 USD
  Income:US:Hooli:GroupTermLife                    -24.32 USD
  Expenses:Health:Life:GroupTermLife                24.32 USD
  Expenses:Health:Dental:Insurance                   2.90 USD
  Expenses:Health:Medical:Insurance                 27.38 USD
  Expenses:Health:Vision:Insurance                  42.30 USD
  Expenses:Taxes:Y2026:US:Medicare                 106.62 USD
  Expenses:Taxes:Y2026:US:Federal                 1062.92 USD
  Expenses:Taxes:Y2026:US:State                    365.08 USD
  Expenses:Taxes:Y2026:US:CityNYC                  174.92 USD
  Expenses:Taxes:Y2026:US:SDI                        1.12 USD
  Expenses:Taxes:Y2026:US:SocSec                   281.54 USD
  Assets:US:Federal:PreTax401k                   -1200.00 IRAUSD
  Expenses:Taxes:Y2026:US:Federal:PreTax401k      1200.00 IRAUSD
  Assets:US:Hooli:Vacation                              5 VACHR
  Income:US:Hooli:Vacation                             -5 VACHR

2026-01-15 * "Hooli" "Payroll"
  Assets:US:BofA:Checking                         1350.60 USD
  Assets:US:Vanguard:Cash                         1200.00 USD
  Income:US:Hooli:Salary                         -4615.38 USD
  Income:US:Hooli:GroupTermLife                    -24.32 USD
  Expenses:Health:Life:GroupTermLife                24.32 USD
  Expenses:Health:Dental:Insurance                   2.90 USD
  Expenses:Health:Medical:Insurance                 27.38 USD
  Expenses:Health:Vision:Insurance                  42.30 USD
  Expenses:Taxes:Y2026:US:Medicare                 106.62 USD
  Expenses:Taxes:Y2026:US:Federal                 1062.92 USD
  Expenses:Taxes:Y2026:US:State                    365.08 USD
  Expenses:Taxes:Y2026:US:CityNYC                  174.92 USD
  Expenses:Taxes:Y2026:US:SDI                        1.12 USD
  Expenses:Taxes:Y2026:US:SocSec                   281.54 USD
  Assets:US:Federal:PreTax401k                   -1200.00 IRAUSD
  Expenses:Taxes:Y2026:US:Federal:PreTax401k      1200.00 IRAUSD
  Assets:US:Hooli:Vacation                              5 VACHR
  Income:US:Hooli:Vacation                             -5 VACHR

2026-01-29 * "Hooli" "Payroll"
  Assets:US:BofA:Checking                         1350.60 USD
  Assets:US:Vanguard:Cash                         1200.00 USD
  Income:US:Hooli:Salary                         -4615.38 USD
  Income:US:Hooli:GroupTermLife                    -24.32 USD
  Expenses:Health:Life:GroupTermLife                24.32 USD
  Expenses:Health:Dental:Insurance                   2.90 USD
  Expenses:Health:Medical:Insurance                 27.38 USD
  Expenses:Health:Vision:Insurance                  42.30 USD
  Expenses:Taxes:Y2026:US:Medicare                 106.62 USD
  Expenses:Taxes:Y2026:US:Federal                 1062.92 USD
  Expenses:Taxes:Y2026:US:State                    365.08 USD
  Expenses:Taxes:Y2026:US:CityNYC                  174.92 USD
  Expenses:Taxes:Y2026:US:SDI                        1.12 USD
  Expenses:Taxes:Y2026:US:SocSec                   281.54 USD
  Assets:US:Federal:PreTax401k                   -1200.00 IRAUSD
  Expenses:Taxes:Y2026:US:Federal:PreTax401k      1200.00 IRAUSD
  Assets:US:Hooli:Vacation                              5 VACHR
  Income:US:Hooli:Vacation                             -5 VACHR

2026-02-12 * "Hooli" "Payroll"
  Assets:US:BofA:Checking                         1350.60 USD
  Assets:US:Vanguard:Cash                         1200.00 USD
  Income:US:Hooli:Salary                         -4615.38 USD
  Income:US:Hooli:GroupTermLife                    -24.32 USD
  Expenses:Health:Life:GroupTermLife                24.32 USD
  Expenses:Health:Dental:Insurance                   2.90 USD
  Expenses:Health:Medical:Insurance                 27.38 USD
  Expenses:Health:Vision:Insurance                  42.30 USD
  Expenses:Taxes:Y2026:US:Medicare                 106.62 USD
  Expenses:Taxes:Y2026:US:Federal                 1062.92 USD
  Expenses:Taxes:Y2026:US:State                    365.08 USD
  Expenses:Taxes:Y2026:US:CityNYC                  174.92 USD
  Expenses:Taxes:Y2026:US:SDI                        1.12 USD
  Expenses:Taxes:Y2026:US:SocSec                   281.54 USD
  Assets:US:Federal:PreTax401k                   -1200.00 IRAUSD
  Expenses:Taxes:Y2026:US:Federal:PreTax401k      1200.00 IRAUSD
  Assets:US:Hooli:Vacation                              5 VACHR
  Income:US:Hooli:Vacation                             -5 VACHR



* Taxes

1980-05-12 open Income:US:Federal:PreTax401k                    IRAUSD
1980-05-12 open Assets:US:Federal:PreTax401k                    IRAUSD



** Tax Year 2024

2024-01-01 open Expenses:Taxes:Y2024:US:Federal:PreTax401k      IRAUSD
2024-01-01 open Expenses:Taxes:Y2024:US:Medicare                USD
2024-01-01 open Expenses:Taxes:Y2024:US:Federal                 USD
2024-01-01 open Expenses:Taxes:Y2024:US:CityNYC                 USD
2024-01-01 open Expenses:Taxes:Y2024:US:SDI                     USD
2024-01-01 open Expenses:Taxes:Y2024:US:State                   USD
2024-01-01 open Expenses:Taxes:Y2024:US:SocSec                  USD

2024-01-01 balance Assets:US:Federal:PreTax401k         0 IRAUSD

2024-01-01 * "Allowed contributions for one year"
  Income:US:Federal:PreTax401k                     -18500 IRAUSD
  Assets:US:Federal:PreTax401k                      18500 IRAUSD

2025-03-21 * "Filing taxes for 2024"
  Expenses:Taxes:Y2024:US:Federal                  536.20 USD
  Expenses:Taxes:Y2024:US:State                    297.27 USD
  Liabilities:AccountsPayable                     -833.47 USD

2025-03-21 * "FEDERAL TAXPYMT"
  Assets:US:BofA:Checking                         -536.20 USD
  Liabilities:AccountsPayable                      536.20 USD

2025-03-21 * "STATE TAX & FINANC PYMT"
  Assets:US:BofA:Checking                         -297.27 USD
  Liabilities:AccountsPayable                      297.27 USD



** Tax Year 2025

2025-01-01 open Expenses:Taxes:Y2025:US:Federal:PreTax401k      IRAUSD
2025-01-01 open Expenses:Taxes:Y2025:US:Medicare                USD
2025-01-01 open Expenses:Taxes:Y2025:US:Federal                 USD
2025-01-01 open Expenses:Taxes:Y2025:US:CityNYC                 USD
2025-01-01 open Expenses:Taxes:Y2025:US:SDI                     USD
2025-01-01 open Expenses:Taxes:Y2025:US:State                   USD
2025-01-01 open Expenses:Taxes:Y2025:US:SocSec                  USD

2025-01-01 balance Assets:US:Federal:PreTax401k         0 IRAUSD

2025-01-01 * "Allowed contributions for one year"
  Income:US:Federal:PreTax401k                     -18500 IRAUSD
  Assets:US:Federal:PreTax401k                      18500 IRAUSD



** Tax Year 2026

2026-01-01 open Expenses:Taxes:Y2026:US:Federal:PreTax401k      IRAUSD
2026-01-01 open Expenses:Taxes:Y2026:US:Medicare                USD
2026-01-01 open Expenses:Taxes:Y2026:US:Federal                 USD
2026-01-01 open Expenses:Taxes:Y2026:US:CityNYC                 USD
2026-01-01 open Expenses:Taxes:Y2026:US:SDI                     USD
2026-01-01 open Expenses:Taxes:Y2026:US:State                   USD
2026-01-01 open Expenses:Taxes:Y2026:US:SocSec                  USD

2026-01-01 balance Assets:US:Federal:PreTax401k         0 IRAUSD

2026-01-01 * "Allowed contributions for one year"
  Income:US:Federal:PreTax401k                     -18500 IRAUSD
  Assets:US:Federal:PreTax401k                      18500 IRAUSD



* Expenses

1980-05-12 open Expenses:Food:Groceries
1980-05-12 open Expenses:Food:Restaurant
1980-05-12 open Expenses:Food:Coffee
1980-05-12 open Expenses:Food:Alcohol
1980-05-12 open Expenses:Transport:Tram
1980-05-12 open Expenses:Home:Rent
1980-05-12 open Expenses:Home:Electricity
1980-05-12 open Expenses:Home:Internet
1980-05-12 open Expenses:Home:Phone
1980-05-12 open Expenses:Financial:Fees
1980-05-12 open Expenses:Financial:Commissions



* Prices

2024-01-05 price VBMPX                             129.35 USD
2024-01-05 price RGAGX                              96.32 USD
2024-01-05 price ITOT                              158.89 USD
2024-01-05 price VEA                               151.17 USD
2024-01-05 price VHT                                75.31 USD
2024-01-05 price GLD                                92.98 USD
2024-01-12 price VBMPX                             129.38 USD
2024-01-12 price RGAGX                              96.76 USD
2024-01-12 price ITOT                              158.44 USD
2024-01-12 price VEA                               151.29 USD
2024-01-12 price VHT                                74.83 USD
2024-01-12 price GLD                                94.47 USD
2024-01-19 price VBMPX                             130.85 USD
2024-01-19 price RGAGX                              94.95 USD
2024-01-19 price ITOT                              157.85 USD
2024-01-19 price VEA                               148.72 USD
2024-01-19 price VHT                                74.71 USD
2024-01-19 price GLD                                95.90 USD
2024-01-26 price VBMPX                             134.80 USD
2024-01-26 price RGAGX                              96.60 USD
2024-01-26 price ITOT                              156.93 USD
2024-01-26 price VEA                               147.76 USD
2024-01-26 price VHT                                76.13 USD
2024-01-26 price GLD                                96.24 USD
2024-02-02 price VBMPX                             134.38 USD
2024-02-02 price RGAGX                              96.23 USD
2024-02-02 price ITOT                              156.71 USD
2024-02-02 price VEA                               145.53 USD
2024-02-02 price VHT                                75.78 USD
2024-02-02 price GLD                                96.22 USD
2024-02-09 price VBMPX                             134.35 USD
2024-02-09 price RGAGX                              97.22 USD
2024-02-09 price ITOT                              157.76 USD
2024-02-09 price VEA                               143.21 USD
2024-02-09 price VHT                                76.76 USD
2024-02-09 price GLD                                99.60 USD
2024-02-16 price VBMPX                             132.73 USD
2024-02-16 price RGAGX                              95.15 USD
2024-02-16 price ITOT                              157.82 USD
2024-02-16 price VEA                               138.64 USD
2024-02-16 price VHT                                78.20 USD
2024-02-16 price GLD                               100.21 USD
2024-02-23 price VBMPX                             132.92 USD
2024-02-23 price RGAGX                              96.04 USD
2024-02-23 price ITOT                              155.80 USD
2024-02-23 price VEA                               140.51 USD
2024-02-23 price VHT                                77.26 USD
2024-02-23 price GLD                               103.68 USD
2024-03-01 price VBMPX                             131.65 USD
2024-03-01 price RGAGX                              93.91 USD
2024-03-01 price ITOT                              156.03 USD
2024-03-01 price VEA                               137.05 USD
2024-03-01 price VHT                                77.44 USD
2024-03-01 price GLD                                99.95 USD
2024-03-08 price VBMPX                             132.25 USD
2024-03-08 price RGAGX                              94.28 USD
2024-03-08 price ITOT                              155.55 USD
2024-03-08 price VEA                               139.47 USD
2024-03-08 price VHT                                77.09 USD
2024-03-08 price GLD                               101.80 USD
2024-03-15 price VBMPX                             132.59 USD
2024-03-15 price RGAGX                              91.80 USD
2024-03-15 price ITOT                              155.98 USD
2024-03-15 price VEA                               142.24 USD
2024-03-15 price VHT                                76.55 USD
2024-03-15 price GLD                                98.86 USD
2024-03-22 price VBMPX                             133.59 USD
2024-03-22 price RGAGX                              93.42 USD
2024-03-22 price ITOT                              156.76 USD
2024-03-22 price VEA                               142.15 USD
2024-03-22 price VHT                                76.92 USD
2024-03-22 price GLD                                99.99 USD
2024-03-29 price VBMPX                             133.82 USD
2024-03-29 price RGAGX                              93.66 USD
2024-03-29 price ITOT                              158.12 USD
2024-03-29 price VEA                               143.55 USD
2024-03-29 price VHT                                76.98 USD
2024-03-29 price GLD                                98.06 USD
2024-04-05 price VBMPX                             135.06 USD
2024-04-05 price RGAGX                              94.36 USD
2024-04-05 price ITOT                              158.14 USD
2024-04-05 price VEA                               146.30 USD
2024-04-05 price VHT                                77.88 USD
2024-04-05 price GLD                                98.23 USD
2024-04-12 price VBMPX                             135.62 USD
2024-04-12 price RGAGX                              96.42 USD
2024-04-12 price ITOT                              157.69 USD
2024-04-12 price VEA                               145.83 USD
2024-04-12 price VHT                                77.17 USD
2024-04-12 price GLD                                99.52 USD
2024-04-19 price VBMPX                             134.39 USD
2024-04-19 price RGAGX                              92.99 USD
2024-04-19 price ITOT                              157.12 USD
2024-04-19 price VEA                               144.83 USD
2024-04-19 price VHT                                76.66 USD
2024-04-19 price GLD                                98.91 USD
2024-04-26 price VBMPX                             135.65 USD
2024-04-26 price RGAGX                              92.57 USD
2024-04-26 price ITOT                              158.24 USD
2024-04-26 price VEA                               144.40 USD
2024-04-26 price VHT                                76.61 USD
2024-04-26 price GLD                                99.68 USD
2024-05-03 price VBMPX                             135.10 USD
2024-05-03 price RGAGX                              92.64 USD
2024-05-03 price ITOT                              157.32 USD
2024-05-03 price VEA                               146.19 USD
2024-05-03 price VHT                                76.64 USD
2024-05-03 price GLD                               100.66 USD
2024-05-10 price VBMPX                             137.85 USD
2024-05-10 price RGAGX                              93.08 USD
2024-05-10 price ITOT                              158.10 USD
2024-05-10 price VEA                               144.69 USD
2024-05-10 price VHT                                75.36 USD
2024-05-10 price GLD                               103.12 USD
2024-05-17 price VBMPX                             136.59 USD
2024-05-17 price RGAGX                              93.78 USD
2024-05-17 price ITOT                              158.40 USD
2024-05-17 price VEA                               146.04 USD
2024-05-17 price VHT                                76.64 USD
2024-05-17 price GLD                               103.79 USD
2024-05-24 price VBMPX                             139.18 USD
2024-05-24 price RGAGX                              95.62 USD
2024-05-24 price ITOT                              157.59 USD
2024-05-24 price VEA                               146.47 USD
2024-05-24 price VHT                                76.45 USD
2024-05-24 price GLD                                99.50 USD
2024-05-31 price VBMPX                             137.91 USD
2024-05-31 price RGAGX                              94.49 USD
2024-05-31 price ITOT                              157.58 USD
2024-05-31 price VEA                               145.22 USD
2024-05-31 price VHT                                76.44 USD
2024-05-31 price GLD                                94.61 USD
2024-06-07 price VBMPX                             135.94 USD
2024-06-07 price RGAGX                              95.44 USD
2024-06-07 price ITOT                              157.26 USD
2024-06-07 price VEA                               145.31 USD
2024-06-07 price VHT                                75.17 USD
2024-06-07 price GLD                                96.59 USD
2024-06-14 price VBMPX                             133.02 USD
2024-06-14 price RGAGX                              93.95 USD
2024-06-14 price ITOT                              156.96 USD
2024-06-14 price VEA                               144.37 USD
2024-06-14 price VHT                                74.72 USD
2024-06-14 price GLD                                99.22 USD
2024-06-21 price VBMPX                             136.90 USD
2024-06-21 price RGAGX                              95.88 USD
2024-06-21 price ITOT                              159.02 USD
2024-06-21 price VEA                               143.15 USD
2024-06-21 price VHT                                75.23 USD
2024-06-21 price GLD                                98.73 USD
2024-06-28 price VBMPX                             133.56 USD
2024-06-28 price RGAGX                              97.81 USD
2024-06-28 price ITOT                              160.04 USD
2024-06-28 price VEA                               145.35 USD
2024-06-28 price VHT                                73.99 USD
2024-06-28 price GLD                               101.01 USD
2024-07-05 price VBMPX                             132.70 USD
2024-07-05 price RGAGX                              92.70 USD
2024-07-05 price ITOT                              161.14 USD
2024-07-05 price VEA                               141.26 USD
2024-07-05 price VHT                                72.09 USD
2024-07-05 price GLD                               102.04 USD
2024-07-12 price VBMPX                             134.74 USD
2024-07-12 price RGAGX                              92.19 USD
2024-07-12 price ITOT                              160.68 USD
2024-07-12 price VEA                               140.12 USD
2024-07-12 price VHT                                70.04 USD
2024-07-12 price GLD                               105.16 USD
2024-07-19 price VBMPX                             136.70 USD
2024-07-19 price RGAGX                              92.48 USD
2024-07-19 price ITOT                              159.73 USD
2024-07-19 price VEA                               140.71 USD
2024-07-19 price VHT                                70.13 USD
2024-07-19 price GLD                               108.63 USD
2024-07-26 price VBMPX                             137.93 USD
2024-07-26 price RGAGX                              89.30 USD
2024-07-26 price ITOT                              158.38 USD
2024-07-26 price VEA                               141.76 USD
2024-07-26 price VHT                                69.78 USD
2024-07-26 price GLD                               111.68 USD
2024-08-02 price VBMPX                             139.66 USD
2024-08-02 price RGAGX                              93.20 USD
2024-08-02 price ITOT                              158.84 USD
2024-08-02 price VEA                               140.33 USD
2024-08-02 price VHT                                69.99 USD
2024-08-02 price GLD                               112.92 USD
2024-08-09 price VBMPX                             137.96 USD
2024-08-09 price RGAGX                              95.27 USD
2024-08-09 price ITOT                              159.09 USD
2024-08-09 price VEA                               140.69 USD
2024-08-09 price VHT                                70.39 USD
2024-08-09 price GLD                               109.44 USD
2024-08-16 price VBMPX                             136.92 USD
2024-08-16 price RGAGX                              99.31 USD
2024-08-16 price ITOT                              159.44 USD
2024-08-16 price VEA                               138.20 USD
2024-08-16 price VHT                                71.07 USD
2024-08-16 price GLD                               108.39 USD
2024-08-23 price VBMPX                             134.52 USD
2024-08-23 price RGAGX                              99.47 USD
2024-08-23 price ITOT                              159.05 USD
2024-08-23 price VEA                               142.02 USD
2024-08-23 price VHT                                71.63 USD
2024-08-23 price GLD                               102.77 USD
2024-08-30 price VBMPX                             131.84 USD
2024-08-30 price RGAGX                              94.09 USD
2024-08-30 price ITOT                              158.94 USD
2024-08-30 price VEA                               141.08 USD
2024-08-30 price VHT                                71.48 USD
2024-08-30 price GLD                               101.97 USD
2024-09-06 price VBMPX                             132.69 USD
2024-09-06 price RGAGX                              90.24 USD
2024-09-06 price ITOT                              158.18 USD
2024-09-06 price VEA                               139.85 USD
2024-09-06 price VHT                                71.00 USD
2024-09-06 price GLD                               103.15 USD
2024-09-13 price VBMPX                             133.57 USD
2024-09-13 price RGAGX                              88.57 USD
2024-09-13 price ITOT                              159.43 USD
2024-09-13 price VEA                               137.50 USD
2024-09-13 price VHT                                70.25 USD
2024-09-13 price GLD                               103.31 USD
2024-09-20 price VBMPX                             131.73 USD
2024-09-20 price RGAGX                              87.87 USD
2024-09-20 price ITOT                              160.13 USD
2024-09-20 price VEA                               135.08 USD
2024-09-20 price VHT                                71.28 USD
2024-09-20 price GLD                               102.70 USD
2024-09-27 price VBMPX                             129.34 USD
2024-09-27 price RGAGX                              90.04 USD
2024-09-27 price ITOT                              159.63 USD
2024-09-27 price VEA                               132.92 USD
2024-09-27 price VHT                                72.32 USD
2024-09-27 price GLD                                98.93 USD
2024-10-04 price VBMPX                             130.16 USD
2024-10-04 price RGAGX                              90.93 USD
2024-10-04 price ITOT                              160.50 USD
2024-10-04 price VEA                               138.54 USD
2024-10-04 price VHT                                72.80 USD
2024-10-04 price GLD                               100.49 USD
2024-10-11 price VBMPX                             129.76 USD
2024-10-11 price RGAGX                              91.02 USD
2024-10-11 price ITOT                              159.73 USD
2024-10-11 price VEA                               137.86 USD
2024-10-11 price VHT                                73.43 USD
2024-10-11 price GLD                                97.33 USD
2024-10-18 price VBMPX                             129.97 USD
2024-10-18 price RGAGX                              89.08 USD
2024-10-18 price ITOT                              161.01 USD
2024-10-18 price VEA                               137.80 USD
2024-10-18 price VHT                                72.54 USD
2024-10-18 price GLD                                97.84 USD
2024-10-25 price VBMPX                             130.90 USD
2024-10-25 price RGAGX                              86.49 USD
2024-10-25 price ITOT                              161.62 USD
2024-10-25 price VEA                               140.63 USD
2024-10-25 price VHT                                73.10 USD
2024-10-25 price GLD                                98.13 USD
2024-11-01 price VBMPX                             128.98 USD
2024-11-01 price RGAGX                              87.66 USD
2024-11-01 price ITOT                              161.72 USD
2024-11-01 price VEA                               140.22 USD
2024-11-01 price VHT                                72.52 USD
2024-11-01 price GLD                                98.65 USD
2024-11-08 price VBMPX                             128.59 USD
2024-11-08 price RGAGX                              86.92 USD
2024-11-08 price ITOT                              161.94 USD
2024-11-08 price VEA                               137.48 USD
2024-11-08 price VHT                                72.09 USD
2024-11-08 price GLD                               101.16 USD
2024-11-15 price VBMPX                             129.65 USD
2024-11-15 price RGAGX                              83.83 USD
2024-11-15 price ITOT                              161.45 USD
2024-11-15 price VEA                               144.27 USD
2024-11-15 price VHT                                71.91 USD
2024-11-15 price GLD                                99.70 USD
2024-11-22 price VBMPX                             127.60 USD
2024-11-22 price RGAGX                              82.75 USD
2024-11-22 price ITOT                              161.67 USD
2024-11-22 price VEA                               144.88 USD
2024-11-22 price VHT                                73.72 USD
2024-11-22 price GLD                               101.66 USD
2024-11-29 price VBMPX                             128.81 USD
2024-11-29 price RGAGX                              84.14 USD
2024-11-29 price ITOT                              161.21 USD
2024-11-29 price VEA                               146.55 USD
2024-11-29 price VHT                                73.95 USD
2024-11-29 price GLD                               102.85 USD
2024-12-06 price VBMPX                             127.73 USD
2024-12-06 price RGAGX                              86.12 USD
2024-12-06 price ITOT                              160.58 USD
2024-12-06 price VEA                               142.59 USD
2024-12-06 price VHT                                75.71 USD
2024-12-06 price GLD                               101.45 USD
2024-12-13 price VBMPX                             124.77 USD
2024-12-13 price RGAGX                              86.53 USD
2024-12-13 price ITOT                              160.08 USD
2024-12-13 price VEA                               141.55 USD
2024-12-13 price VHT                                75.92 USD
2024-12-13 price GLD                               102.84 USD
2024-12-20 price VBMPX                             123.76 USD
2024-12-20 price RGAGX                              87.48 USD
2024-12-20 price ITOT                              160.47 USD
2024-12-20 price VEA                               136.09 USD
2024-12-20 price VHT                                77.08 USD
2024-12-20 price GLD                               101.98 USD
2024-12-27 price VBMPX                             124.13 USD
2024-12-27 price RGAGX                              87.17 USD
2024-12-27 price ITOT                              160.91 USD
2024-12-27 price VEA                               135.24 USD
2024-12-27 price VHT                                77.45 USD
2024-12-27 price GLD                               103.57 USD
2025-01-03 price VBMPX                             125.21 USD
2025-01-03 price RGAGX                              86.39 USD
2025-01-03 price ITOT                              160.07 USD
2025-01-03 price VEA                               138.72 USD
2025-01-03 price VHT                                79.35 USD
2025-01-03 price GLD                               103.82 USD
2025-01-10 price VBMPX                             124.23 USD
2025-01-10 price RGAGX                              86.73 USD
2025-01-10 price ITOT                              159.68 USD
2025-01-10 price VEA                               140.27 USD
2025-01-10 price VHT                                79.33 USD
2025-01-10 price GLD                                99.67 USD
2025-01-17 price VBMPX                             118.63 USD
2025-01-17 price RGAGX                              86.23 USD
2025-01-17 price ITOT                              158.98 USD
2025-01-17 price VEA                               138.71 USD
2025-01-17 price VHT                                79.25 USD
2025-01-17 price GLD                               102.78 USD
2025-01-24 price VBMPX                             118.32 USD
2025-01-24 price RGAGX                              86.24 USD
2025-01-24 price ITOT                              158.02 USD
2025-01-24 price VEA                               138.00 USD
2025-01-24 price VHT                                79.25 USD
2025-01-24 price GLD                               105.09 USD
2025-01-31 price VBMPX                             120.71 USD
2025-01-31 price RGAGX                              83.85 USD
2025-01-31 price ITOT                              156.75 USD
2025-01-31 price VEA                               143.64 USD
2025-01-31 price VHT                                79.05 USD
2025-01-31 price GLD                               106.51 USD
2025-02-07 price VBMPX                             123.03 USD
2025-02-07 price RGAGX                              84.71 USD
2025-02-07 price ITOT                              157.43 USD
2025-02-07 price VEA                               140.95 USD
2025-02-07 price VHT                                78.11 USD
2025-02-07 price GLD                               104.35 USD
2025-02-14 price VBMPX                             127.76 USD
2025-02-14 price RGAGX                              86.52 USD
2025-02-14 price ITOT                              158.02 USD
2025-02-14 price VEA                               138.93 USD
2025-02-14 price VHT                                77.19 USD
2025-02-14 price GLD                               102.02 USD
2025-02-21 price VBMPX                             125.16 USD
2025-02-21 price RGAGX                              89.12 USD
2025-02-21 price ITOT                              158.04 USD
2025-02-21 price VEA                               134.43 USD
2025-02-21 price VHT                                76.94 USD
2025-02-21 price GLD                               103.11 USD
2025-02-28 price VBMPX                             126.53 USD
2025-02-28 price RGAGX                              86.43 USD
2025-02-28 price ITOT                              157.66 USD
2025-02-28 price VEA                               133.79 USD
2025-02-28 price VHT                                75.51 USD
2025-02-28 price GLD                               105.25 USD
2025-03-07 price VBMPX                             128.29 USD
2025-03-07 price RGAGX                              83.84 USD
2025-03-07 price ITOT                              157.16 USD
2025-03-07 price VEA                               132.04 USD
2025-03-07 price VHT                                76.00 USD
2025-03-07 price GLD                               106.30 USD
2025-03-14 price VBMPX                             130.15 USD
2025-03-14 price RGAGX                              83.01 USD
2025-03-14 price ITOT                              157.31 USD
2025-03-14 price VEA                               130.10 USD
2025-03-14 price VHT                                76.18 USD
2025-03-14 price GLD                               108.12 USD
2025-03-21 price VBMPX                             128.50 USD
2025-03-21 price RGAGX                              82.54 USD
2025-03-21 price ITOT                              156.81 USD
2025-03-21 price VEA                               125.81 USD
2025-03-21 price VHT                                76.43 USD
2025-03-21 price GLD                               107.16 USD
2025-03-28 price VBMPX                             130.94 USD
2025-03-28 price RGAGX                              83.13 USD
2025-03-28 price ITOT                              156.22 USD
2025-03-28 price VEA                               129.31 USD
2025-03-28 price VHT                                77.66 USD
2025-03-28 price GLD                               104.21 USD
2025-04-04 price VBMPX                             129.83 USD
2025-04-04 price RGAGX                              80.60 USD
2025-04-04 price ITOT                              156.43 USD
2025-04-04 price VEA                               129.24 USD
2025-04-04 price VHT                                79.02 USD
2025-04-04 price GLD                               104.62 USD
2025-04-11 price VBMPX                             132.36 USD
2025-04-11 price RGAGX                              80.91 USD
2025-04-11 price ITOT                              155.47 USD
2025-04-11 price VEA                               129.82 USD
2025-04-11 price VHT                                78.92 USD
2025-04-11 price GLD                               107.26 USD
2025-04-18 price VBMPX                             133.12 USD
2025-04-18 price RGAGX                              82.02 USD
2025-04-18 price ITOT                              154.14 USD
2025-04-18 price VEA                               127.33 USD
2025-04-18 price VHT                                77.49 USD
2025-04-18 price GLD                               106.35 USD
2025-04-25 price VBMPX                             136.45 USD
2025-04-25 price RGAGX                              81.03 USD
2025-04-25 price ITOT                              156.01 USD
2025-04-25 price VEA                               125.30 USD
2025-04-25 price VHT                                77.35 USD
2025-04-25 price GLD                               109.26 USD
2025-05-02 price VBMPX                             137.60 USD
2025-05-02 price RGAGX                              80.35 USD
2025-05-02 price ITOT                              157.48 USD
2025-05-02 price VEA                               128.38 USD
2025-05-02 price VHT                                78.24 USD
2025-05-02 price GLD                               110.10 USD
2025-05-09 price VBMPX                             137.41 USD
2025-05-09 price RGAGX                              83.54 USD
2025-05-09 price ITOT                              159.55 USD
2025-05-09 price VEA                               130.05 USD
2025-05-09 price VHT                                78.99 USD
2025-05-09 price GLD                               109.88 USD
2025-05-16 price VBMPX                             137.93 USD
2025-05-16 price RGAGX                              82.70 USD
2025-05-16 price ITOT                              158.85 USD
2025-05-16 price VEA                               132.59 USD
2025-05-16 price VHT                                79.18 USD
2025-05-16 price GLD                               109.22 USD
2025-05-23 price VBMPX                             137.41 USD
2025-05-23 price RGAGX                              82.70 USD
2025-05-23 price ITOT                              158.02 USD
2025-05-23 price VEA                               133.50 USD
2025-05-23 price VHT                                78.74 USD
2025-05-23 price GLD                               109.98 USD
2025-05-30 price VBMPX                             135.37 USD
2025-05-30 price RGAGX                              82.64 USD
2025-05-30 price ITOT                              156.29 USD
2025-05-30 price VEA                               131.21 USD
2025-05-30 price VHT                                79.92 USD
2025-05-30 price GLD                               112.69 USD
2025-06-06 price VBMPX                             135.61 USD
2025-06-06 price RGAGX                              82.70 USD
2025-06-06 price ITOT                              155.89 USD
2025-06-06 price VEA                               132.01 USD
2025-06-06 price VHT                                78.56 USD
2025-06-06 price GLD                               112.59 USD
2025-06-13 price VBMPX                             131.23 USD
2025-06-13 price RGAGX                              83.96 USD
2025-06-13 price ITOT                              156.89 USD
2025-06-13 price VEA                               134.08 USD
2025-06-13 price VHT                                79.48 USD
2025-06-13 price GLD                               116.76 USD
2025-06-20 price VBMPX                             130.17 USD
2025-06-20 price RGAGX                              83.17 USD
2025-06-20 price ITOT                              156.78 USD
2025-06-20 price VEA                               135.22 USD
2025-06-20 price VHT                                78.71 USD
2025-06-20 price GLD                               115.59 USD
2025-06-27 price VBMPX                             127.98 USD
2025-06-27 price RGAGX                              82.74 USD
2025-06-27 price ITOT                              157.80 USD
2025-06-27 price VEA                               138.28 USD
2025-06-27 price VHT                                79.24 USD
2025-06-27 price GLD                               113.42 USD
2025-07-04 price VBMPX                             126.19 USD
2025-07-04 price RGAGX                              85.26 USD
2025-07-04 price ITOT                              157.96 USD
2025-07-04 price VEA                               139.06 USD
2025-07-04 price VHT                                79.97 USD
2025-07-04 price GLD                               114.25 USD
2025-07-11 price VBMPX                             130.76 USD
2025-07-11 price RGAGX                              84.78 USD
2025-07-11 price ITOT                              158.00 USD
2025-07-11 price VEA                               137.33 USD
2025-07-11 price VHT                                79.54 USD
2025-07-11 price GLD                               111.34 USD
2025-07-18 price VBMPX                             129.43 USD
2025-07-18 price RGAGX                              85.27 USD
2025-07-18 price ITOT                              158.33 USD
2025-07-18 price VEA                               136.83 USD
2025-07-18 price VHT                                80.07 USD
2025-07-18 price GLD                               109.80 USD
2025-07-25 price VBMPX                             130.23 USD
2025-07-25 price RGAGX                              81.04 USD
2025-07-25 price ITOT                              158.51 USD
2025-07-25 price VEA                               134.34 USD
2025-07-25 price VHT                                80.57 USD
2025-07-25 price GLD                               114.07 USD
2025-08-01 price VBMPX                             133.71 USD
2025-08-01 price RGAGX                              79.88 USD
2025-08-01 price ITOT                              159.45 USD
2025-08-01 price VEA                               136.66 USD
2025-08-01 price VHT                                80.36 USD
2025-08-01 price GLD                               115.46 USD
2025-08-08 price VBMPX                             135.65 USD
2025-08-08 price RGAGX                              81.24 USD
2025-08-08 price ITOT                              159.84 USD
2025-08-08 price VEA                               138.77 USD
2025-08-08 price VHT                                80.86 USD
2025-08-08 price GLD                               115.68 USD
2025-08-15 price VBMPX                             136.80 USD
2025-08-15 price RGAGX                              83.27 USD
2025-08-15 price ITOT                              159.26 USD
2025-08-15 price VEA                               137.12 USD
2025-08-15 price VHT                                80.49 USD
2025-08-15 price GLD                               110.81 USD
2025-08-22 price VBMPX                             140.22 USD
2025-08-22 price RGAGX                              84.34 USD
2025-08-22 price ITOT                              158.10 USD
2025-08-22 price VEA                               139.63 USD
2025-08-22 price VHT                                79.35 USD
2025-08-22 price GLD                               107.05 USD
2025-08-29 price VBMPX                             141.67 USD
2025-08-29 price RGAGX                              86.44 USD
2025-08-29 price ITOT                              157.27 USD
2025-08-29 price VEA                               140.41 USD
2025-08-29 price VHT                                79.08 USD
2025-08-29 price GLD                               104.37 USD
2025-09-05 price VBMPX                             140.51 USD
2025-09-05 price RGAGX                              89.42 USD
2025-09-05 price ITOT                              156.25 USD
2025-09-05 price VEA                               140.34 USD
2025-09-05 price VHT                                80.47 USD
2025-09-05 price GLD                               104.13 USD
2025-09-12 price VBMPX                             140.14 USD
2025-09-12 price RGAGX                              88.77 USD
2025-09-12 price ITOT                              157.43 USD
2025-09-12 price VEA                               138.96 USD
2025-09-12 price VHT                                80.65 USD
2025-09-12 price GLD                               105.05 USD
2025-09-19 price VBMPX                             140.29 USD
2025-09-19 price RGAGX                              92.05 USD
2025-09-19 price ITOT                              158.42 USD
2025-09-19 price VEA                               140.55 USD
2025-09-19 price VHT                                80.05 USD
2025-09-19 price GLD                               105.36 USD
2025-09-26 price VBMPX                             139.36 USD
2025-09-26 price RGAGX                              91.60 USD
2025-09-26 price ITOT                              160.88 USD
2025-09-26 price VEA                               134.45 USD
2025-09-26 price VHT                                80.95 USD
2025-09-26 price GLD                               103.75 USD
2025-10-03 price VBMPX                             142.43 USD
2025-10-03 price RGAGX                              93.40 USD
2025-10-03 price ITOT                              160.96 USD
2025-10-03 price VEA                               135.57 USD
2025-10-03 price VHT                                83.49 USD
2025-10-03 price GLD                               101.52 USD
2025-10-10 price VBMPX                             146.68 USD
2025-10-10 price RGAGX                              91.60 USD
2025-10-10 price ITOT                              161.77 USD
2025-10-10 price VEA                               133.95 USD
2025-10-10 price VHT                                82.41 USD
2025-10-10 price GLD                               102.85 USD
2025-10-17 price VBMPX                             145.92 USD
2025-10-17 price RGAGX                              88.95 USD
2025-10-17 price ITOT                              163.00 USD
2025-10-17 price VEA                               134.93 USD
2025-10-17 price VHT                                81.80 USD
2025-10-17 price GLD                               101.36 USD
2025-10-24 price VBMPX                             146.30 USD
2025-10-24 price RGAGX                              89.78 USD
2025-10-24 price ITOT                              162.67 USD
2025-10-24 price VEA                               131.08 USD
2025-10-24 price VHT                                82.04 USD
2025-10-24 price GLD                                99.80 USD
2025-10-31 price VBMPX                             146.11 USD
2025-10-31 price RGAGX                              88.95 USD
2025-10-31 price ITOT                              162.69 USD
2025-10-31 price VEA                               131.58 USD
2025-10-31 price VHT                                82.11 USD
2025-10-31 price GLD                                99.98 USD
2025-11-07 price VBMPX                             141.98 USD
2025-11-07 price RGAGX                              87.23 USD
2025-11-07 price ITOT                              161.94 USD
2025-11-07 price VEA                               130.42 USD
2025-11-07 price VHT                                82.09 USD
2025-11-07 price GLD                                99.41 USD
2025-11-14 price VBMPX                             140.26 USD
2025-11-14 price RGAGX                              85.88 USD
2025-11-14 price ITOT                              163.26 USD
2025-11-14 price VEA                               132.51 USD
2025-11-14 price VHT                                83.54 USD
2025-11-14 price GLD                                97.62 USD
2025-11-21 price VBMPX                             138.68 USD
2025-11-21 price RGAGX                              86.36 USD
2025-11-21 price ITOT                              164.41 USD
2025-11-21 price VEA                               135.17 USD
2025-11-21 price VHT                                82.87 USD
2025-11-21 price GLD                               100.73 USD
2025-11-28 price VBMPX                             138.18 USD
2025-11-28 price RGAGX                              83.71 USD
2025-11-28 price ITOT                              165.17 USD
2025-11-28 price VEA                               133.71 USD
2025-11-28 price VHT                                83.02 USD
2025-11-28 price GLD                               101.61 USD
2025-12-05 price VBMPX                             134.63 USD
2025-12-05 price RGAGX                              81.05 USD
2025-12-05 price ITOT                              165.22 USD
2025-12-05 price VEA                               134.09 USD
2025-12-05 price VHT                                83.95 USD
2025-12-05 price GLD                                98.15 USD
2025-12-12 price VBMPX                             138.36 USD
2025-12-12 price RGAGX                              83.73 USD
2025-12-12 price ITOT                              165.82 USD
2025-12-12 price VEA                               127.87 USD
2025-12-12 price VHT                                84.54 USD
2025-12-12 price GLD                                99.19 USD
2025-12-19 price VBMPX                             139.23 USD
2025-12-19 price RGAGX                              84.86 USD
2025-12-19 price ITOT                              167.03 USD
2025-12-19 price VEA                               128.27 USD
2025-12-19 price VHT                                84.94 USD
2025-12-19 price GLD                                98.41 USD
2025-12-26 price VBMPX                             141.69 USD
2025-12-26 price RGAGX                              84.92 USD
2025-12-26 price ITOT                              167.20 USD
2025-12-26 price VEA                               129.08 USD
2025-12-26 price VHT                                84.24 USD
2025-12-26 price GLD                                98.06 USD
2026-01-02 price VBMPX                             146.37 USD
2026-01-02 price RGAGX                              84.21 USD
2026-01-02 price ITOT                              167.74 USD
2026-01-02 price VEA                               128.12 USD
2026-01-02 price VHT                                83.05 USD
2026-01-02 price GLD                                97.41 USD
2026-01-09 price VBMPX                             143.53 USD
2026-01-09 price RGAGX                              83.99 USD
2026-01-09 price ITOT                              167.41 USD
2026-01-09 price VEA                               127.45 USD
2026-01-09 price VHT                                81.96 USD
2026-01-09 price GLD                                99.40 USD
2026-01-16 price VBMPX                             140.85 USD
2026-01-16 price RGAGX                              85.58 USD
2026-01-16 price ITOT                              167.35 USD
2026-01-16 price VEA                               124.90 USD
2026-01-16 price VHT                                80.75 USD
2026-01-16 price GLD                                96.39 USD
2026-01-23 price VBMPX                             140.89 USD
2026-01-23 price RGAGX                              85.55 USD
2026-01-23 price ITOT                              168.01 USD
2026-01-23 price VEA                               127.59 USD
2026-01-23 price VHT                                80.38 USD
2026-01-23 price GLD                                99.48 USD
2026-01-30 price VBMPX                             142.50 USD
2026-01-30 price RGAGX                              83.28 USD
2026-01-30 price ITOT                              168.24 USD
2026-01-30 price VEA                               131.14 USD
2026-01-30 price VHT                                79.90 USD
2026-01-30 price GLD                                98.42 USD
2026-02-06 price VBMPX                             140.42 USD
2026-02-06 price RGAGX                              82.47 USD
2026-02-06 price ITOT                              168.15 USD
2026-02-06 price VEA                               132.78 USD
2026-02-06 price VHT                                80.23 USD
2026-02-06 price GLD                                99.40 USD
2026-02-13 price VBMPX                             143.07 USD
2026-02-13 price RGAGX                              83.80 USD
2026-02-13 price ITOT                              167.36 USD
2026-02-13 price VEA                               130.99 USD
2026-02-13 price VHT                                79.12 USD
2026-02-13 price GLD                               102.55 USD
2026-02-20 price VBMPX                             149.85 USD
2026-02-20 price RGAGX                              84.62 USD
2026-02-20 price ITOT                              167.95 USD
2026-02-20 price VEA                               133.99 USD
2026-02-20 price VHT                                77.76 USD
2026-02-20 price GLD                               104.60 USD



* Cash

